%YAML 1.1
%TAG !u! tag:unity3d.com,2011:
--- !u!1 &110732
GameObject:
  m_ObjectHideFlags: 1
  m_PrefabParentObject: {fileID: 0}
  m_PrefabInternal: {fileID: 100100000}
  serializedVersion: 4
  m_Component:
  - 4: {fileID: 438632}
  - 33: {fileID: 3312418}
  - 23: {fileID: 2311632}
  m_Layer: 29
  m_Name: gun-01
  m_TagString: Untagged
  m_Icon: {fileID: 0}
  m_NavMeshLayer: 0
  m_StaticEditorFlags: 0
  m_IsActive: 1
--- !u!1 &117096
GameObject:
  m_ObjectHideFlags: 1
  m_PrefabParentObject: {fileID: 0}
  m_PrefabInternal: {fileID: 100100000}
  serializedVersion: 4
  m_Component:
  - 4: {fileID: 420500}
  - 33: {fileID: 3316622}
  - 23: {fileID: 2376494}
  m_Layer: 29
  m_Name: gun-02
  m_TagString: Untagged
  m_Icon: {fileID: 0}
  m_NavMeshLayer: 0
  m_StaticEditorFlags: 0
  m_IsActive: 1
--- !u!1 &118574
GameObject:
  m_ObjectHideFlags: 0
  m_PrefabParentObject: {fileID: 0}
  m_PrefabInternal: {fileID: 100100000}
  serializedVersion: 4
  m_Component:
  - 4: {fileID: 447798}
  - 65: {fileID: 6571462}
  - 114: {fileID: 11486926}
  m_Layer: 29
  m_Name: 'Shock 2 New '
  m_TagString: Untagged
  m_Icon: {fileID: 0}
  m_NavMeshLayer: 0
  m_StaticEditorFlags: 0
  m_IsActive: 1
--- !u!1 &124878
GameObject:
  m_ObjectHideFlags: 0
  m_PrefabParentObject: {fileID: 0}
  m_PrefabInternal: {fileID: 100100000}
  serializedVersion: 4
  m_Component:
  - 4: {fileID: 495474}
  m_Layer: 29
  m_Name: Turrent
  m_TagString: Untagged
  m_Icon: {fileID: 0}
  m_NavMeshLayer: 0
  m_StaticEditorFlags: 0
  m_IsActive: 1
--- !u!1 &145250
GameObject:
  m_ObjectHideFlags: 1
  m_PrefabParentObject: {fileID: 0}
  m_PrefabInternal: {fileID: 100100000}
  serializedVersion: 4
  m_Component:
  - 4: {fileID: 475226}
  m_Layer: 29
  m_Name: ShootPoint
  m_TagString: Untagged
  m_Icon: {fileID: 0}
  m_NavMeshLayer: 0
  m_StaticEditorFlags: 0
  m_IsActive: 1
--- !u!1 &152676
GameObject:
  m_ObjectHideFlags: 0
  m_PrefabParentObject: {fileID: 0}
  m_PrefabInternal: {fileID: 100100000}
  serializedVersion: 4
  m_Component:
  - 4: {fileID: 484894}
  - 33: {fileID: 3318088}
  - 23: {fileID: 2327734}
  m_Layer: 29
  m_Name: body
  m_TagString: Untagged
  m_Icon: {fileID: 0}
  m_NavMeshLayer: 0
  m_StaticEditorFlags: 0
  m_IsActive: 1
--- !u!1 &176894
GameObject:
  m_ObjectHideFlags: 1
  m_PrefabParentObject: {fileID: 0}
  m_PrefabInternal: {fileID: 100100000}
  serializedVersion: 4
  m_Component:
  - 4: {fileID: 460622}
  - 33: {fileID: 3362172}
  - 23: {fileID: 2330642}
  m_Layer: 29
  m_Name: head
  m_TagString: Untagged
  m_Icon: {fileID: 0}
  m_NavMeshLayer: 0
  m_StaticEditorFlags: 0
  m_IsActive: 1
--- !u!4 &420500
Transform:
  m_ObjectHideFlags: 1
  m_PrefabParentObject: {fileID: 0}
  m_PrefabInternal: {fileID: 100100000}
  m_GameObject: {fileID: 117096}
  m_LocalRotation: {x: -0.7071068, y: 0, z: 0, w: 0.7071068}
  m_LocalPosition: {x: 0.5437107, y: 2.6114979, z: -0.266}
  m_LocalScale: {x: 1, y: 1, z: 1}
  m_Children: []
  m_Father: {fileID: 495474}
  m_RootOrder: 1
--- !u!4 &438632
Transform:
  m_ObjectHideFlags: 1
  m_PrefabParentObject: {fileID: 0}
  m_PrefabInternal: {fileID: 100100000}
  m_GameObject: {fileID: 110732}
  m_LocalRotation: {x: -0.7071068, y: 0, z: 0, w: 0.7071068}
  m_LocalPosition: {x: -0.52041054, y: 2.6114979, z: -0.266}
  m_LocalScale: {x: 1, y: 1, z: 1}
  m_Children: []
  m_Father: {fileID: 495474}
  m_RootOrder: 0
--- !u!4 &447798
Transform:
  m_ObjectHideFlags: 1
  m_PrefabParentObject: {fileID: 0}
  m_PrefabInternal: {fileID: 100100000}
  m_GameObject: {fileID: 118574}
  m_LocalRotation: {x: 0, y: 0, z: 0, w: 1}
  m_LocalPosition: {x: -6.650898, y: -0.00999999, z: -5.3424377}
  m_LocalScale: {x: 0.4, y: 0.4, z: 0.4}
  m_Children:
  - {fileID: 484894}
  - {fileID: 495474}
  m_Father: {fileID: 0}
  m_RootOrder: 0
--- !u!4 &460622
Transform:
  m_ObjectHideFlags: 1
  m_PrefabParentObject: {fileID: 0}
  m_PrefabInternal: {fileID: 100100000}
  m_GameObject: {fileID: 176894}
  m_LocalRotation: {x: -0.7071068, y: 0, z: 0, w: 0.7071068}
  m_LocalPosition: {x: 0, y: 1.3268611, z: 0.089}
  m_LocalScale: {x: 1, y: 1, z: 1}
  m_Children: []
  m_Father: {fileID: 495474}
  m_RootOrder: 2
--- !u!4 &475226
Transform:
  m_ObjectHideFlags: 1
  m_PrefabParentObject: {fileID: 0}
  m_PrefabInternal: {fileID: 100100000}
  m_GameObject: {fileID: 145250}
  m_LocalRotation: {x: 0, y: 0, z: 0, w: 1}
  m_LocalPosition: {x: 0, y: 2.51, z: 3.399}
  m_LocalScale: {x: 1, y: 1, z: 1}
  m_Children: []
  m_Father: {fileID: 495474}
  m_RootOrder: 3
--- !u!4 &484894
Transform:
  m_ObjectHideFlags: 1
  m_PrefabParentObject: {fileID: 0}
  m_PrefabInternal: {fileID: 100100000}
  m_GameObject: {fileID: 152676}
  m_LocalRotation: {x: -0.7071068, y: 0, z: -0, w: 0.7071068}
  m_LocalPosition: {x: 0, y: 0.16, z: 0}
  m_LocalScale: {x: 1, y: 1, z: 1}
  m_Children: []
  m_Father: {fileID: 447798}
  m_RootOrder: 0
--- !u!4 &495474
Transform:
  m_ObjectHideFlags: 1
  m_PrefabParentObject: {fileID: 0}
  m_PrefabInternal: {fileID: 100100000}
  m_GameObject: {fileID: 124878}
  m_LocalRotation: {x: 0, y: 0, z: 0, w: 1}
  m_LocalPosition: {x: 0, y: 0.16, z: 0}
  m_LocalScale: {x: 1, y: 1, z: 1}
  m_Children:
  - {fileID: 438632}
  - {fileID: 420500}
  - {fileID: 460622}
  - {fileID: 475226}
  m_Father: {fileID: 447798}
  m_RootOrder: 1
--- !u!23 &2311632
MeshRenderer:
  m_ObjectHideFlags: 1
  m_PrefabParentObject: {fileID: 0}
  m_PrefabInternal: {fileID: 100100000}
  m_GameObject: {fileID: 110732}
  m_Enabled: 1
  m_CastShadows: 1
  m_ReceiveShadows: 0
  m_Materials:
  - {fileID: 2100000, guid: e25dc2781eff0074081d663b09604c2f, type: 2}
  m_SubsetIndices: 
  m_StaticBatchRoot: {fileID: 0}
  m_UseLightProbes: 1
  m_ReflectionProbeUsage: 1
  m_ProbeAnchor: {fileID: 0}
  m_ScaleInLightmap: 1
  m_PreserveUVs: 0
  m_IgnoreNormalsForChartDetection: 0
  m_ImportantGI: 0
  m_MinimumChartSize: 4
  m_AutoUVMaxDistance: 0.5
  m_AutoUVMaxAngle: 89
  m_LightmapParameters: {fileID: 0}
  m_SortingLayerID: 0
  m_SortingOrder: 0
--- !u!23 &2327734
MeshRenderer:
  m_ObjectHideFlags: 1
  m_PrefabParentObject: {fileID: 0}
  m_PrefabInternal: {fileID: 100100000}
  m_GameObject: {fileID: 152676}
  m_Enabled: 1
  m_CastShadows: 1
  m_ReceiveShadows: 0
  m_Materials:
  - {fileID: 2100000, guid: e25dc2781eff0074081d663b09604c2f, type: 2}
  m_SubsetIndices: 
  m_StaticBatchRoot: {fileID: 0}
  m_UseLightProbes: 1
  m_ReflectionProbeUsage: 1
  m_ProbeAnchor: {fileID: 0}
  m_ScaleInLightmap: 1
  m_PreserveUVs: 0
  m_IgnoreNormalsForChartDetection: 0
  m_ImportantGI: 0
  m_MinimumChartSize: 4
  m_AutoUVMaxDistance: 0.5
  m_AutoUVMaxAngle: 89
  m_LightmapParameters: {fileID: 0}
  m_SortingLayerID: 0
  m_SortingOrder: 0
--- !u!23 &2330642
MeshRenderer:
  m_ObjectHideFlags: 1
  m_PrefabParentObject: {fileID: 0}
  m_PrefabInternal: {fileID: 100100000}
  m_GameObject: {fileID: 176894}
  m_Enabled: 1
  m_CastShadows: 1
  m_ReceiveShadows: 0
  m_Materials:
  - {fileID: 2100000, guid: e25dc2781eff0074081d663b09604c2f, type: 2}
  m_SubsetIndices: 
  m_StaticBatchRoot: {fileID: 0}
  m_UseLightProbes: 1
  m_ReflectionProbeUsage: 1
  m_ProbeAnchor: {fileID: 0}
  m_ScaleInLightmap: 1
  m_PreserveUVs: 0
  m_IgnoreNormalsForChartDetection: 0
  m_ImportantGI: 0
  m_MinimumChartSize: 4
  m_AutoUVMaxDistance: 0.5
  m_AutoUVMaxAngle: 89
  m_LightmapParameters: {fileID: 0}
  m_SortingLayerID: 0
  m_SortingOrder: 0
--- !u!23 &2376494
MeshRenderer:
  m_ObjectHideFlags: 1
  m_PrefabParentObject: {fileID: 0}
  m_PrefabInternal: {fileID: 100100000}
  m_GameObject: {fileID: 117096}
  m_Enabled: 1
  m_CastShadows: 1
  m_ReceiveShadows: 0
  m_Materials:
  - {fileID: 2100000, guid: e25dc2781eff0074081d663b09604c2f, type: 2}
  m_SubsetIndices: 
  m_StaticBatchRoot: {fileID: 0}
  m_UseLightProbes: 1
  m_ReflectionProbeUsage: 1
  m_ProbeAnchor: {fileID: 0}
  m_ScaleInLightmap: 1
  m_PreserveUVs: 0
  m_IgnoreNormalsForChartDetection: 0
  m_ImportantGI: 0
  m_MinimumChartSize: 4
  m_AutoUVMaxDistance: 0.5
  m_AutoUVMaxAngle: 89
  m_LightmapParameters: {fileID: 0}
  m_SortingLayerID: 0
  m_SortingOrder: 0
--- !u!33 &3312418
MeshFilter:
  m_ObjectHideFlags: 1
  m_PrefabParentObject: {fileID: 0}
  m_PrefabInternal: {fileID: 100100000}
  m_GameObject: {fileID: 110732}
  m_Mesh: {fileID: 4300004, guid: 9c4753f13b463bc45bb37008ee0d5aee, type: 3}
--- !u!33 &3316622
MeshFilter:
  m_ObjectHideFlags: 1
  m_PrefabParentObject: {fileID: 0}
  m_PrefabInternal: {fileID: 100100000}
  m_GameObject: {fileID: 117096}
  m_Mesh: {fileID: 4300006, guid: 9c4753f13b463bc45bb37008ee0d5aee, type: 3}
--- !u!33 &3318088
MeshFilter:
  m_ObjectHideFlags: 1
  m_PrefabParentObject: {fileID: 0}
  m_PrefabInternal: {fileID: 100100000}
  m_GameObject: {fileID: 152676}
  m_Mesh: {fileID: 4300002, guid: 9c4753f13b463bc45bb37008ee0d5aee, type: 3}
--- !u!33 &3362172
MeshFilter:
  m_ObjectHideFlags: 1
  m_PrefabParentObject: {fileID: 0}
  m_PrefabInternal: {fileID: 100100000}
  m_GameObject: {fileID: 176894}
  m_Mesh: {fileID: 4300000, guid: 9c4753f13b463bc45bb37008ee0d5aee, type: 3}
--- !u!65 &6571462
BoxCollider:
  m_ObjectHideFlags: 1
  m_PrefabParentObject: {fileID: 0}
  m_PrefabInternal: {fileID: 100100000}
  m_GameObject: {fileID: 118574}
  m_Material: {fileID: 0}
  m_IsTrigger: 0
  m_Enabled: 1
  serializedVersion: 2
  m_Size: {x: 4, y: 4.54, z: 4}
  m_Center: {x: 0, y: 1.26, z: 0}
--- !u!114 &11486926
MonoBehaviour:
  m_ObjectHideFlags: 1
  m_PrefabParentObject: {fileID: 0}
  m_PrefabInternal: {fileID: 100100000}
  m_GameObject: {fileID: 118574}
  m_Enabled: 1
  m_EditorHideFlags: 0
  m_Script: {fileID: 11500000, guid: 133e386909aab3849b1c0551e32ca96f, type: 3}
  m_Name: 
  m_EditorClassIdentifier: 
  prefabID: 20
  instanceID: -1
  unitName: Tower.Shock.Name;II
  iconSprite: {fileID: 21300000, guid: 08e92c46ca9abed4a8dcb4fa9ceffa62, type: 3}
  desp: Tower.Shock.DescUpgraded
  characteristic: 
  subClass: 0
  unitC: {fileID: 0}
  unitT: {fileID: 0}
  defaultHP: 10
  fullHP: 10
  HP: 10
  HPRegenRate: 0
  HPStaggerDuration: 10
  defaultShield: 0
  fullShield: 0
  shield: 0
  shieldRegenRate: 1
  shieldStaggerDuration: 1
  damageType: 3
  armorType: 0
  immuneToCrit: 0
  immuneToSlow: 0
  immuneToStun: 0
  currentActiveStat: 0
  stats:
  - damageMin: 22
    damageMax: 22
    cooldown: 1
    clipSize: -1
    reloadDuration: 2
    range: 8.5
    minRange: 0
    aoeRadius: 0
    hit: 1
    dodge: 0
    shieldBreak: 0
    shieldPierce: 0
    damageShieldOnly: 0
    crit:
      chance: 0
      dmgMultiplier: 0
    stun:
      chance: 0.25
      duration: 1
    slow:
      effectID: 0
      duration: 0
      slowMultiplier: 0
    dot:
      effectID: 0
      duration: 0
      interval: 0
      value: 0
    instantKill:
      chance: 0
      HPThreshold: 0
    buff:
      effectID: 0
      damageBuff: 0
      cooldownBuff: 0
      rangeBuff: 0
      criticalBuff: 0
      hitBuff: 0
      dodgeBuff: 0
      regenHP: 0
    rscGain: 
    cost: 10000000
    buildDuration: 1
    unBuildDuration: 1
    shootObjectT: {fileID: 0}
    shootObject: {fileID: 11400000, guid: 5a4e9add587e6944b86924c5644e3297, type: 2}
    useCustomDesp: 0
    desp: 
  dead: 0
  stunned: 0
  slowMultiplier: 1
  slowEffectList: []
  buffEffect: []
  localShootObjectT: {fileID: 0}
  localShootObject: {fileID: 0}
  shootPoints:
  - {fileID: 475226}
  delayBetweenShootPoint: 0
  targetPoint: {fileID: 0}
  hitThreshold: 0.25
  thisObj: {fileID: 0}
  thisT: {fileID: 0}
  StunEffectPrefab: {fileID: 0}
  SlowEffectPrefab: {fileID: 0}
  Crystals: 0
  turretObject: {fileID: 495474}
  barrelObject: {fileID: 0}
  rotateTurretAimInXAxis: 0
  target: {fileID: 0}
  targetPriority: 3
  directionalTargeting: 0
  dirScanAngle: 0
  dirScanFOV: 30
  scanDirT: {fileID: 0}
  buffedUnit: []
  activeBuffList: []
  damageBuffMul: 0
  cooldownBuffMul: 0
  rangeBuffMul: 0
  criticalBuffMod: 0.1
  hitBuffMod: 0.1
  dodgeBuffMod: 0.1
  regenHPBuff: 1
  deadEffectObj: {fileID: 0}
  type: 0
  targetMode: 0
  disableInBuildManager: 1
  buildingEffect: {fileID: 0}
  builtEffect: {fileID: 0}
  builtDuration: 0
  buildDuration: 0
  occupiedPlatform: {fileID: 0}
  prevLevelTower: {fileID: 11454824, guid: 33a883c671c6ee64aac44a517c0bd3d4, type: 2}
  nextLevelTowerList:
  - {fileID: 11414226, guid: c00b543f1f9e10f4195cafd4b912b062, type: 2}
  - {fileID: 0}
  value: 
  FPSWeaponID: -1
--- !u!1001 &100100000
Prefab:
  m_ObjectHideFlags: 1
  serializedVersion: 2
  m_Modification:
    m_TransformParent: {fileID: 0}
    m_Modifications:
    - target: {fileID: 0}
      propertyPath: prevLevelTower
      value: 
      objectReference: {fileID: 11454824, guid: 33a883c671c6ee64aac44a517c0bd3d4,
        type: 2}
    - target: {fileID: 0}
      propertyPath: nextLevelTowerList.Array.data[0]
      value: 
      objectReference: {fileID: 11414226, guid: c00b543f1f9e10f4195cafd4b912b062,
        type: 2}
    - target: {fileID: 0}
      propertyPath: m_LocalScale.x
      value: .400000006
      objectReference: {fileID: 0}
    - target: {fileID: 0}
      propertyPath: m_LocalScale.y
      value: .400000006
      objectReference: {fileID: 0}
    - target: {fileID: 0}
      propertyPath: m_LocalScale.z
      value: .400000006
      objectReference: {fileID: 0}
    - target: {fileID: 0}
      propertyPath: unitName
      value: Tower.Shock.Name;II
      objectReference: {fileID: 0}
    - target: {fileID: 0}
      propertyPath: desp
      value: Tower.Shock.DescUpgraded
      objectReference: {fileID: 0}
    m_RemovedComponents: []
  m_ParentPrefab: {fileID: 0}
  m_RootGameObject: {fileID: 118574}
  m_IsPrefabParent: 1
