%YAML 1.1
%TAG !u! tag:unity3d.com,2011:
--- !u!29 &1
SceneSettings:
  m_ObjectHideFlags: 0
  m_PVSData: 
  m_PVSObjectsArray: []
  m_PVSPortalsArray: []
  m_OcclusionBakeSettings:
    smallestOccluder: 5
    smallestHole: 0.25
    backfaceThreshold: 100
--- !u!104 &2
RenderSettings:
  m_ObjectHideFlags: 0
  serializedVersion: 6
  m_Fog: 0
  m_FogColor: {r: 0.5, g: 0.5, b: 0.5, a: 1}
  m_FogMode: 3
  m_FogDensity: 0.01
  m_LinearFogStart: 0
  m_LinearFogEnd: 300
  m_AmbientSkyColor: {r: 0.2, g: 0.2, b: 0.2, a: 1}
  m_AmbientEquatorColor: {r: 0.2, g: 0.2, b: 0.2, a: 1}
  m_AmbientGroundColor: {r: 0.2, g: 0.2, b: 0.2, a: 1}
  m_AmbientIntensity: 1
  m_AmbientMode: 3
  m_SkyboxMaterial: {fileID: 0}
  m_HaloStrength: 0.5
  m_FlareStrength: 1
  m_FlareFadeSpeed: 3
  m_HaloTexture: {fileID: 0}
  m_SpotCookie: {fileID: 10001, guid: 0000000000000000e000000000000000, type: 0}
  m_DefaultReflectionMode: 0
  m_DefaultReflectionResolution: 128
  m_ReflectionBounces: 1
  m_ReflectionIntensity: 1
  m_CustomReflection: {fileID: 0}
  m_Sun: {fileID: 0}
--- !u!157 &4
LightmapSettings:
  m_ObjectHideFlags: 0
  serializedVersion: 6
  m_GIWorkflowMode: 1
  m_LightmapsMode: 1
  m_GISettings:
    serializedVersion: 2
    m_BounceScale: 1
    m_IndirectOutputScale: 1
    m_AlbedoBoost: 1
    m_TemporalCoherenceThreshold: 1
    m_EnvironmentLightingMode: 0
    m_EnableBakedLightmaps: 1
    m_EnableRealtimeLightmaps: 0
  m_LightmapEditorSettings:
    serializedVersion: 3
    m_Resolution: 1
    m_BakeResolution: 50
    m_TextureWidth: 1024
    m_TextureHeight: 1024
    m_AOMaxDistance: 1
    m_Padding: 2
    m_CompAOExponent: 0
    m_LightmapParameters: {fileID: 0}
    m_TextureCompression: 0
    m_FinalGather: 0
    m_FinalGatherRayCount: 1024
    m_ReflectionCompression: 2
  m_LightingDataAsset: {fileID: 0}
  m_RuntimeCPUUsage: 25
--- !u!196 &5
NavMeshSettings:
  serializedVersion: 2
  m_ObjectHideFlags: 0
  m_BuildSettings:
    serializedVersion: 2
    agentRadius: 0.5
    agentHeight: 2
    agentSlope: 45
    agentClimb: 0.4
    ledgeDropHeight: 0
    maxJumpAcrossDistance: 0
    accuratePlacement: 0
    minRegionArea: 2
    cellSize: 0.16666666
    manualCellSize: 0
  m_NavMeshData: {fileID: 0}
--- !u!1 &39451250
GameObject:
  m_ObjectHideFlags: 0
  m_PrefabParentObject: {fileID: 0}
  m_PrefabInternal: {fileID: 0}
  serializedVersion: 4
  m_Component:
  - 4: {fileID: 39451251}
  m_Layer: 0
  m_Name: waypoint4
  m_TagString: Untagged
  m_Icon: {fileID: 1182211791, guid: 0000000000000000d000000000000000, type: 0}
  m_NavMeshLayer: 0
  m_StaticEditorFlags: 0
  m_IsActive: 1
--- !u!4 &39451251
Transform:
  m_ObjectHideFlags: 0
  m_PrefabParentObject: {fileID: 0}
  m_PrefabInternal: {fileID: 0}
  m_GameObject: {fileID: 39451250}
  m_LocalRotation: {x: 0, y: 0, z: 0, w: 1}
  m_LocalPosition: {x: 11.6, y: 0, z: 6.28}
  m_LocalScale: {x: 1, y: 1, z: 1}
  m_Children: []
  m_Father: {fileID: 890438061}
  m_RootOrder: 3
--- !u!1001 &68302334
Prefab:
  m_ObjectHideFlags: 0
  serializedVersion: 2
  m_Modification:
    m_TransformParent: {fileID: 2011547133}
    m_Modifications:
    - target: {fileID: 400000, guid: 8caa835db4ebe864fbef2371b7a3e9d9, type: 2}
      propertyPath: m_LocalPosition.x
      value: 0
      objectReference: {fileID: 0}
    - target: {fileID: 400000, guid: 8caa835db4ebe864fbef2371b7a3e9d9, type: 2}
      propertyPath: m_LocalPosition.y
      value: 0
      objectReference: {fileID: 0}
    - target: {fileID: 400000, guid: 8caa835db4ebe864fbef2371b7a3e9d9, type: 2}
      propertyPath: m_LocalPosition.z
      value: 0
      objectReference: {fileID: 0}
    - target: {fileID: 400000, guid: 8caa835db4ebe864fbef2371b7a3e9d9, type: 2}
      propertyPath: m_LocalRotation.x
      value: 0
      objectReference: {fileID: 0}
    - target: {fileID: 400000, guid: 8caa835db4ebe864fbef2371b7a3e9d9, type: 2}
      propertyPath: m_LocalRotation.y
      value: 0
      objectReference: {fileID: 0}
    - target: {fileID: 400000, guid: 8caa835db4ebe864fbef2371b7a3e9d9, type: 2}
      propertyPath: m_LocalRotation.z
      value: 0
      objectReference: {fileID: 0}
    - target: {fileID: 400000, guid: 8caa835db4ebe864fbef2371b7a3e9d9, type: 2}
      propertyPath: m_LocalRotation.w
      value: 1
      objectReference: {fileID: 0}
    - target: {fileID: 400000, guid: 8caa835db4ebe864fbef2371b7a3e9d9, type: 2}
      propertyPath: m_RootOrder
      value: 3
      objectReference: {fileID: 0}
    - target: {fileID: 22485724, guid: 8caa835db4ebe864fbef2371b7a3e9d9, type: 2}
      propertyPath: m_AnchorMax.x
      value: 1
      objectReference: {fileID: 0}
    - target: {fileID: 22485724, guid: 8caa835db4ebe864fbef2371b7a3e9d9, type: 2}
      propertyPath: m_AnchorMax.y
      value: 1
      objectReference: {fileID: 0}
    - target: {fileID: 22400340, guid: 8caa835db4ebe864fbef2371b7a3e9d9, type: 2}
      propertyPath: m_AnchorMax.x
      value: 1
      objectReference: {fileID: 0}
    - target: {fileID: 22400340, guid: 8caa835db4ebe864fbef2371b7a3e9d9, type: 2}
      propertyPath: m_AnchorMax.y
      value: 1
      objectReference: {fileID: 0}
    - target: {fileID: 22464570, guid: 8caa835db4ebe864fbef2371b7a3e9d9, type: 2}
      propertyPath: m_AnchorMax.x
      value: 1
      objectReference: {fileID: 0}
    - target: {fileID: 22464570, guid: 8caa835db4ebe864fbef2371b7a3e9d9, type: 2}
      propertyPath: m_AnchorMax.y
      value: 1
      objectReference: {fileID: 0}
    m_RemovedComponents: []
  m_ParentPrefab: {fileID: 100100000, guid: 8caa835db4ebe864fbef2371b7a3e9d9, type: 2}
  m_IsPrefabParent: 0
--- !u!1001 &132554407
Prefab:
  m_ObjectHideFlags: 0
  serializedVersion: 2
  m_Modification:
    m_TransformParent: {fileID: 871551155}
    m_Modifications:
    - target: {fileID: 400000, guid: 585fe30591bd55043b59bc9d87f7c055, type: 3}
      propertyPath: m_LocalPosition.x
      value: -13.3500004
      objectReference: {fileID: 0}
    - target: {fileID: 400000, guid: 585fe30591bd55043b59bc9d87f7c055, type: 3}
      propertyPath: m_LocalPosition.y
      value: -.439999998
      objectReference: {fileID: 0}
    - target: {fileID: 400000, guid: 585fe30591bd55043b59bc9d87f7c055, type: 3}
      propertyPath: m_LocalPosition.z
      value: -3.25
      objectReference: {fileID: 0}
    - target: {fileID: 400000, guid: 585fe30591bd55043b59bc9d87f7c055, type: 3}
      propertyPath: m_LocalRotation.x
      value: -.066987358
      objectReference: {fileID: 0}
    - target: {fileID: 400000, guid: 585fe30591bd55043b59bc9d87f7c055, type: 3}
      propertyPath: m_LocalRotation.y
      value: .933012605
      objectReference: {fileID: 0}
    - target: {fileID: 400000, guid: 585fe30591bd55043b59bc9d87f7c055, type: 3}
      propertyPath: m_LocalRotation.z
      value: -.25
      objectReference: {fileID: 0}
    - target: {fileID: 400000, guid: 585fe30591bd55043b59bc9d87f7c055, type: 3}
      propertyPath: m_LocalRotation.w
      value: -.250000209
      objectReference: {fileID: 0}
    - target: {fileID: 400000, guid: 585fe30591bd55043b59bc9d87f7c055, type: 3}
      propertyPath: m_RootOrder
      value: 1
      objectReference: {fileID: 0}
    m_RemovedComponents: []
  m_ParentPrefab: {fileID: 100100000, guid: 585fe30591bd55043b59bc9d87f7c055, type: 3}
  m_IsPrefabParent: 0
--- !u!1001 &157669740
Prefab:
  m_ObjectHideFlags: 0
  serializedVersion: 2
  m_Modification:
    m_TransformParent: {fileID: 871551155}
    m_Modifications:
    - target: {fileID: 400000, guid: 84f6ec24af99b9d439bc0c25c0ea2e06, type: 3}
      propertyPath: m_LocalPosition.x
      value: -19.3299866
      objectReference: {fileID: 0}
    - target: {fileID: 400000, guid: 84f6ec24af99b9d439bc0c25c0ea2e06, type: 3}
      propertyPath: m_LocalPosition.y
      value: -.0425438583
      objectReference: {fileID: 0}
    - target: {fileID: 400000, guid: 84f6ec24af99b9d439bc0c25c0ea2e06, type: 3}
      propertyPath: m_LocalPosition.z
      value: -22.1600075
      objectReference: {fileID: 0}
    - target: {fileID: 400000, guid: 84f6ec24af99b9d439bc0c25c0ea2e06, type: 3}
      propertyPath: m_LocalRotation.x
      value: 0
      objectReference: {fileID: 0}
    - target: {fileID: 400000, guid: 84f6ec24af99b9d439bc0c25c0ea2e06, type: 3}
      propertyPath: m_LocalRotation.y
      value: -.70710659
      objectReference: {fileID: 0}
    - target: {fileID: 400000, guid: 84f6ec24af99b9d439bc0c25c0ea2e06, type: 3}
      propertyPath: m_LocalRotation.z
      value: 0
      objectReference: {fileID: 0}
    - target: {fileID: 400000, guid: 84f6ec24af99b9d439bc0c25c0ea2e06, type: 3}
      propertyPath: m_LocalRotation.w
      value: -.707106948
      objectReference: {fileID: 0}
    - target: {fileID: 400000, guid: 84f6ec24af99b9d439bc0c25c0ea2e06, type: 3}
      propertyPath: m_RootOrder
      value: 2
      objectReference: {fileID: 0}
    - target: {fileID: 400000, guid: 84f6ec24af99b9d439bc0c25c0ea2e06, type: 3}
      propertyPath: m_LocalScale.x
      value: 1
      objectReference: {fileID: 0}
    - target: {fileID: 400000, guid: 84f6ec24af99b9d439bc0c25c0ea2e06, type: 3}
      propertyPath: m_LocalScale.z
      value: 1
      objectReference: {fileID: 0}
    m_RemovedComponents: []
  m_ParentPrefab: {fileID: 100100000, guid: 84f6ec24af99b9d439bc0c25c0ea2e06, type: 3}
  m_IsPrefabParent: 0
--- !u!1 &188402925
GameObject:
  m_ObjectHideFlags: 0
  m_PrefabParentObject: {fileID: 0}
  m_PrefabInternal: {fileID: 0}
  serializedVersion: 4
  m_Component:
  - 4: {fileID: 188402926}
  - 114: {fileID: 188402927}
  m_Layer: 0
  m_Name: SpawnManager
  m_TagString: Untagged
  m_Icon: {fileID: 0}
  m_NavMeshLayer: 0
  m_StaticEditorFlags: 0
  m_IsActive: 1
--- !u!4 &188402926
Transform:
  m_ObjectHideFlags: 0
  m_PrefabParentObject: {fileID: 0}
  m_PrefabInternal: {fileID: 0}
  m_GameObject: {fileID: 188402925}
  m_LocalRotation: {x: 0, y: 0, z: 0, w: 1}
  m_LocalPosition: {x: 9.79319, y: 0.40625, z: 1.8652344}
  m_LocalScale: {x: 1, y: 1, z: 1}
  m_Children: []
  m_Father: {fileID: 1068470330}
  m_RootOrder: 0
--- !u!114 &188402927
MonoBehaviour:
  m_ObjectHideFlags: 0
  m_PrefabParentObject: {fileID: 0}
  m_PrefabInternal: {fileID: 0}
  m_GameObject: {fileID: 188402925}
  m_Enabled: 1
  m_EditorHideFlags: 0
  m_Script: {fileID: 11500000, guid: 1d3f8ab49e09bdd45a857a7dae19ab31, type: 3}
  m_Name: 
  m_EditorClassIdentifier: 
  spawnMode: 1
  spawnLimit: 0
  allowSkip: 0
  autoStart: 0
  autoStartDelay: 5
  procedurallyGenerateWave: 0
  defaultPath: {fileID: 890438062}
  spawning: 0
  activeUnitCount: 0
  totalSpawnCount: 0
  waveClearedCount: 0
  scoreDeadUnitCount: 0
  PortalScoreDeadUnityLimit: 50
  waveList:
  - waveID: 0
    subWaveList:
    - unit: {fileID: 194634, guid: ea24eb51c0e0cc249b518b74cf51bd42, type: 2}
      count: 4
      interval: 2
      delay: 0
      path: {fileID: 890438062}
      overrideHP: 11
      overrideShield: 0
      overrideMoveSpd: 6
      overrideLifeCost: -1
      overrideScoreCost: -1
      overrideValue: 
      overrideValueMin: 
      overrideValueMax: 
      overrideSlowIncrement: -1
      overrideSlowTimeIncrement: -1
    lifeGain: 0
    energyGain: 0
    scoreGain: 100
    rscGainList:
    - 0
    activeUnitCount: 0
    spawned: 0
    cleared: 0
    duration: 30
    subWaveSpawnedCount: 0
  - waveID: -1
    subWaveList:
    - unit: {fileID: 107306, guid: 56489d6e83ebec441a55712bcfc03478, type: 2}
      count: 10
      interval: 0.8
      delay: 0
      path: {fileID: 890438062}
      overrideHP: 17
      overrideShield: 0
      overrideMoveSpd: 3
      overrideLifeCost: -1
      overrideScoreCost: -1
      overrideValue: 
      overrideValueMin: 
      overrideValueMax: 
      overrideSlowIncrement: -1
      overrideSlowTimeIncrement: -1
    lifeGain: 0
    energyGain: 0
    scoreGain: 100
    rscGainList:
    - 0
    activeUnitCount: 0
    spawned: 0
    cleared: 0
    duration: 30
    subWaveSpawnedCount: 0
  - waveID: -1
    subWaveList:
    - unit: {fileID: 107306, guid: 56489d6e83ebec441a55712bcfc03478, type: 2}
      count: 6
      interval: 0.8
      delay: 0
      path: {fileID: 890438062}
      overrideHP: 22
      overrideShield: 0
      overrideMoveSpd: 3
      overrideLifeCost: -1
      overrideScoreCost: -1
      overrideValue: 
      overrideValueMin: 
      overrideValueMax: 
      overrideSlowIncrement: -1
      overrideSlowTimeIncrement: -1
    - unit: {fileID: 194634, guid: ea24eb51c0e0cc249b518b74cf51bd42, type: 2}
      count: 6
      interval: 2
      delay: 8
      path: {fileID: 890438062}
      overrideHP: 17
      overrideShield: 0
      overrideMoveSpd: 6
      overrideLifeCost: -1
      overrideScoreCost: -1
      overrideValue: 
      overrideValueMin: 
      overrideValueMax: 
      overrideSlowIncrement: -1
      overrideSlowTimeIncrement: -1
    lifeGain: 0
    energyGain: 0
    scoreGain: 100
    rscGainList:
    - 0
    activeUnitCount: 0
    spawned: 0
    cleared: 0
    duration: 30
    subWaveSpawnedCount: 0
  waveGenerator:
    subWaveCount:
      startValue: 1
      incMultiplier: 0
      devMultiplier: 0
      minValue: 1
      maxValue: 1
    unitCount:
      startValue: 9
      incMultiplier: 0
      devMultiplier: 0
      minValue: 9
      maxValue: 9
    pathList:
    - {fileID: 890438062}
    rscSettingList:
    - startValue: 0
      incMultiplier: 0
      devMultiplier: 0
      minValue: 0
      maxValue: 0
    unitSettingList:
    - unit: {fileID: 107306, guid: 56489d6e83ebec441a55712bcfc03478, type: 2}
      enabled: 1
      minWave: 0
      HP:
        startValue: -1
        incMultiplier: 21
        devMultiplier: 0
        minValue: 1
        maxValue: 100000
      shield:
        startValue: 0
        incMultiplier: 0
        devMultiplier: 0
        minValue: 0
        maxValue: 0
      speed:
        startValue: 3
        incMultiplier: 0
        devMultiplier: 0
        minValue: 3
        maxValue: 3
      interval:
        startValue: 1.5
        incMultiplier: 0
        devMultiplier: 0
        minValue: 1.5
        maxValue: 1.5
    - unit: {fileID: 194634, guid: ea24eb51c0e0cc249b518b74cf51bd42, type: 2}
      enabled: 1
      minWave: 0
      HP:
        startValue: 1
        incMultiplier: 1
        devMultiplier: 0.2
        minValue: 1
        maxValue: 50
      shield:
        startValue: 0
        incMultiplier: 1
        devMultiplier: 0.2
        minValue: 1
        maxValue: 25
      speed:
        startValue: 1
        incMultiplier: 1
        devMultiplier: 0.2
        minValue: 1
        maxValue: 6
      interval:
        startValue: 1
        incMultiplier: 1
        devMultiplier: 0.2
        minValue: 1
        maxValue: 6
    - unit: {fileID: 135152, guid: 9cc201aa255ccfc4e9731d4515ef5952, type: 2}
      enabled: 1
      minWave: 0
      HP:
        startValue: 1
        incMultiplier: 1
        devMultiplier: 0.2
        minValue: 1
        maxValue: 50
      shield:
        startValue: 0
        incMultiplier: 1
        devMultiplier: 0.2
        minValue: 1
        maxValue: 25
      speed:
        startValue: 1
        incMultiplier: 1
        devMultiplier: 0.2
        minValue: 1
        maxValue: 6
      interval:
        startValue: 1
        incMultiplier: 1
        devMultiplier: 0.2
        minValue: 1
        maxValue: 6
    - unit: {fileID: 117906, guid: 7b66dc160fad64b4ea63835ab91c385b, type: 2}
      enabled: 1
      minWave: 0
      HP:
        startValue: 1
        incMultiplier: 1
        devMultiplier: 0.2
        minValue: 1
        maxValue: 50
      shield:
        startValue: 0
        incMultiplier: 1
        devMultiplier: 0.2
        minValue: 1
        maxValue: 25
      speed:
        startValue: 1
        incMultiplier: 1
        devMultiplier: 0.2
        minValue: 1
        maxValue: 6
      interval:
        startValue: 1
        incMultiplier: 1
        devMultiplier: 0.2
        minValue: 1
        maxValue: 6
    - unit: {fileID: 195034, guid: 5f882515d97f33e4fa6e38bd7f8cfb05, type: 2}
      enabled: 1
      minWave: 0
      HP:
        startValue: 1
        incMultiplier: 1
        devMultiplier: 0.2
        minValue: 1
        maxValue: 50
      shield:
        startValue: 0
        incMultiplier: 1
        devMultiplier: 0.2
        minValue: 1
        maxValue: 25
      speed:
        startValue: 1
        incMultiplier: 1
        devMultiplier: 0.2
        minValue: 1
        maxValue: 6
      interval:
        startValue: 1
        incMultiplier: 1
        devMultiplier: 0.2
        minValue: 1
        maxValue: 6
    - unit: {fileID: 173784, guid: 8635e3670883c004cb6522de22ab1c96, type: 2}
      enabled: 1
      minWave: 0
      HP:
        startValue: 1
        incMultiplier: 1
        devMultiplier: 0.2
        minValue: 1
        maxValue: 50
      shield:
        startValue: 0
        incMultiplier: 1
        devMultiplier: 0.2
        minValue: 1
        maxValue: 25
      speed:
        startValue: 1
        incMultiplier: 1
        devMultiplier: 0.2
        minValue: 1
        maxValue: 6
      interval:
        startValue: 1
        incMultiplier: 1
        devMultiplier: 0.2
        minValue: 1
        maxValue: 6
    - unit: {fileID: 113706, guid: 95090b477cda229468fb928fa622a995, type: 2}
      enabled: 1
      minWave: 0
      HP:
        startValue: 1
        incMultiplier: 1
        devMultiplier: 0.2
        minValue: 1
        maxValue: 50
      shield:
        startValue: 0
        incMultiplier: 1
        devMultiplier: 0.2
        minValue: 1
        maxValue: 25
      speed:
        startValue: 1
        incMultiplier: 1
        devMultiplier: 0.2
        minValue: 1
        maxValue: 6
      interval:
        startValue: 1
        incMultiplier: 1
        devMultiplier: 0.2
        minValue: 1
        maxValue: 6
    - unit: {fileID: 111448, guid: a44e9c5b7e33a664cb215978373d1268, type: 2}
      enabled: 1
      minWave: 0
      HP:
        startValue: 1
        incMultiplier: 1
        devMultiplier: 0.2
        minValue: 1
        maxValue: 50
      shield:
        startValue: 0
        incMultiplier: 1
        devMultiplier: 0.2
        minValue: 1
        maxValue: 25
      speed:
        startValue: 1
        incMultiplier: 1
        devMultiplier: 0.2
        minValue: 1
        maxValue: 6
      interval:
        startValue: 1
        incMultiplier: 1
        devMultiplier: 0.2
        minValue: 1
        maxValue: 6
  ActiveCreeper: []
  TimeWaitBoss: 900
  PlayerLifeInBigPoartal: 5
  PortalBossList: []
  IDWaveSpawBoss: 
--- !u!1 &265858155
GameObject:
  m_ObjectHideFlags: 0
  m_PrefabParentObject: {fileID: 0}
  m_PrefabInternal: {fileID: 0}
  serializedVersion: 4
  m_Component:
  - 4: {fileID: 265858156}
  - 33: {fileID: 265858160}
  - 23: {fileID: 265858159}
  - 65: {fileID: 265858158}
  - 114: {fileID: 265858157}
  m_Layer: 27
  m_Name: PlatformTD (3)
  m_TagString: Untagged
  m_Icon: {fileID: 0}
  m_NavMeshLayer: 0
  m_StaticEditorFlags: 0
  m_IsActive: 1
--- !u!4 &265858156
Transform:
  m_ObjectHideFlags: 0
  m_PrefabParentObject: {fileID: 0}
  m_PrefabInternal: {fileID: 0}
  m_GameObject: {fileID: 265858155}
  m_LocalRotation: {x: 0, y: 0, z: 0, w: 1}
  m_LocalPosition: {x: -4.08, y: 0, z: -6.75}
  m_LocalScale: {x: 3, y: 1, z: 3}
  m_Children: []
  m_Father: {fileID: 2017185659}
  m_RootOrder: 1
--- !u!114 &265858157
MonoBehaviour:
  m_ObjectHideFlags: 0
  m_PrefabParentObject: {fileID: 0}
  m_PrefabInternal: {fileID: 0}
  m_GameObject: {fileID: 265858155}
  m_Enabled: 1
  m_EditorHideFlags: 0
  m_Script: {fileID: 11500000, guid: cc1a5dd9778d24b79a7c2f0288653b43, type: 3}
  m_Name: 
  m_EditorClassIdentifier: 
  availableTowerIDList: 
  subPathList: []
  thisObj: {fileID: 0}
  thisT: {fileID: 0}
  GizmoShowNodes: 1
--- !u!65 &265858158
BoxCollider:
  m_ObjectHideFlags: 0
  m_PrefabParentObject: {fileID: 0}
  m_PrefabInternal: {fileID: 0}
  m_GameObject: {fileID: 265858155}
  m_Material: {fileID: 0}
  m_IsTrigger: 0
  m_Enabled: 1
  serializedVersion: 2
  m_Size: {x: 1, y: 0.000002, z: 1}
  m_Center: {x: 0, y: 0, z: 0}
--- !u!23 &265858159
MeshRenderer:
  m_ObjectHideFlags: 0
  m_PrefabParentObject: {fileID: 0}
  m_PrefabInternal: {fileID: 0}
  m_GameObject: {fileID: 265858155}
  m_Enabled: 1
  m_CastShadows: 0
  m_ReceiveShadows: 1
  m_Materials:
  - {fileID: 2100000, guid: 238e45c68016d3242a11ddb4c255a31e, type: 2}
  m_SubsetIndices: 
  m_StaticBatchRoot: {fileID: 0}
  m_UseLightProbes: 0
  m_ReflectionProbeUsage: 1
  m_ProbeAnchor: {fileID: 0}
  m_ScaleInLightmap: 1
  m_PreserveUVs: 0
  m_IgnoreNormalsForChartDetection: 0
  m_ImportantGI: 0
  m_MinimumChartSize: 4
  m_AutoUVMaxDistance: 0.5
  m_AutoUVMaxAngle: 89
  m_LightmapParameters: {fileID: 0}
  m_SortingLayerID: 0
  m_SortingOrder: 0
--- !u!33 &265858160
MeshFilter:
  m_ObjectHideFlags: 0
  m_PrefabParentObject: {fileID: 0}
  m_PrefabInternal: {fileID: 0}
  m_GameObject: {fileID: 265858155}
  m_Mesh: {fileID: 4300000, guid: 02bf0cc9641abaa4a97c6cb89139c495, type: 3}
--- !u!1001 &268770002
Prefab:
  m_ObjectHideFlags: 0
  serializedVersion: 2
  m_Modification:
    m_TransformParent: {fileID: 871551155}
    m_Modifications:
    - target: {fileID: 400000, guid: 42712b52072505a41867d410de814e10, type: 2}
      propertyPath: m_LocalPosition.x
      value: 1.27543986
      objectReference: {fileID: 0}
    - target: {fileID: 400000, guid: 42712b52072505a41867d410de814e10, type: 2}
      propertyPath: m_LocalPosition.y
      value: -.33417505
      objectReference: {fileID: 0}
    - target: {fileID: 400000, guid: 42712b52072505a41867d410de814e10, type: 2}
      propertyPath: m_LocalPosition.z
      value: -22.6824799
      objectReference: {fileID: 0}
    - target: {fileID: 400000, guid: 42712b52072505a41867d410de814e10, type: 2}
      propertyPath: m_LocalRotation.x
      value: 0
      objectReference: {fileID: 0}
    - target: {fileID: 400000, guid: 42712b52072505a41867d410de814e10, type: 2}
      propertyPath: m_LocalRotation.y
      value: -.70710659
      objectReference: {fileID: 0}
    - target: {fileID: 400000, guid: 42712b52072505a41867d410de814e10, type: 2}
      propertyPath: m_LocalRotation.z
      value: 0
      objectReference: {fileID: 0}
    - target: {fileID: 400000, guid: 42712b52072505a41867d410de814e10, type: 2}
      propertyPath: m_LocalRotation.w
      value: -.707106948
      objectReference: {fileID: 0}
    - target: {fileID: 400000, guid: 42712b52072505a41867d410de814e10, type: 2}
      propertyPath: m_RootOrder
      value: 5
      objectReference: {fileID: 0}
    - target: {fileID: 13600000, guid: 42712b52072505a41867d410de814e10, type: 2}
      propertyPath: m_Enabled
      value: 0
      objectReference: {fileID: 0}
    - target: {fileID: 400000, guid: 42712b52072505a41867d410de814e10, type: 2}
      propertyPath: m_LocalScale.x
      value: 1
      objectReference: {fileID: 0}
    - target: {fileID: 400000, guid: 42712b52072505a41867d410de814e10, type: 2}
      propertyPath: m_LocalScale.z
      value: 1
      objectReference: {fileID: 0}
    m_RemovedComponents: []
  m_ParentPrefab: {fileID: 100100000, guid: 42712b52072505a41867d410de814e10, type: 2}
  m_IsPrefabParent: 0
--- !u!4 &268770003 stripped
Transform:
  m_PrefabParentObject: {fileID: 400000, guid: 42712b52072505a41867d410de814e10, type: 2}
  m_PrefabInternal: {fileID: 268770002}
--- !u!1001 &445882328
Prefab:
  m_ObjectHideFlags: 0
  serializedVersion: 2
  m_Modification:
    m_TransformParent: {fileID: 871551155}
    m_Modifications:
    - target: {fileID: 400002, guid: aec4b6cc044aa71459b4c4f9172e0b19, type: 3}
      propertyPath: m_LocalPosition.x
      value: -12.5360365
      objectReference: {fileID: 0}
    - target: {fileID: 400002, guid: aec4b6cc044aa71459b4c4f9172e0b19, type: 3}
      propertyPath: m_LocalPosition.y
      value: .122062445
      objectReference: {fileID: 0}
    - target: {fileID: 400002, guid: aec4b6cc044aa71459b4c4f9172e0b19, type: 3}
      propertyPath: m_LocalPosition.z
      value: -2.33675075
      objectReference: {fileID: 0}
    - target: {fileID: 400002, guid: aec4b6cc044aa71459b4c4f9172e0b19, type: 3}
      propertyPath: m_LocalRotation.x
      value: 0
      objectReference: {fileID: 0}
    - target: {fileID: 400002, guid: aec4b6cc044aa71459b4c4f9172e0b19, type: 3}
      propertyPath: m_LocalRotation.y
      value: -.70710659
      objectReference: {fileID: 0}
    - target: {fileID: 400002, guid: aec4b6cc044aa71459b4c4f9172e0b19, type: 3}
      propertyPath: m_LocalRotation.z
      value: 0
      objectReference: {fileID: 0}
    - target: {fileID: 400002, guid: aec4b6cc044aa71459b4c4f9172e0b19, type: 3}
      propertyPath: m_LocalRotation.w
      value: -.707106948
      objectReference: {fileID: 0}
    - target: {fileID: 400002, guid: aec4b6cc044aa71459b4c4f9172e0b19, type: 3}
      propertyPath: m_RootOrder
      value: 0
      objectReference: {fileID: 0}
    - target: {fileID: 400002, guid: aec4b6cc044aa71459b4c4f9172e0b19, type: 3}
      propertyPath: m_LocalScale.x
      value: 1
      objectReference: {fileID: 0}
    - target: {fileID: 400002, guid: aec4b6cc044aa71459b4c4f9172e0b19, type: 3}
      propertyPath: m_LocalScale.z
      value: 1
      objectReference: {fileID: 0}
    m_RemovedComponents: []
  m_ParentPrefab: {fileID: 100100000, guid: aec4b6cc044aa71459b4c4f9172e0b19, type: 3}
  m_IsPrefabParent: 0
--- !u!4 &528797178 stripped
Transform:
  m_PrefabParentObject: {fileID: 400000, guid: 84f6ec24af99b9d439bc0c25c0ea2e06, type: 3}
  m_PrefabInternal: {fileID: 157669740}
--- !u!1 &600207053
GameObject:
  m_ObjectHideFlags: 0
  m_PrefabParentObject: {fileID: 0}
  m_PrefabInternal: {fileID: 0}
  serializedVersion: 4
  m_Component:
  - 4: {fileID: 600207056}
  - 218: {fileID: 600207055}
  - 154: {fileID: 600207054}
  m_Layer: 26
  m_Name: Terrain
  m_TagString: Untagged
  m_Icon: {fileID: 0}
  m_NavMeshLayer: 0
  m_StaticEditorFlags: 4294967295
  m_IsActive: 1
--- !u!154 &600207054
TerrainCollider:
  m_ObjectHideFlags: 0
  m_PrefabParentObject: {fileID: 0}
  m_PrefabInternal: {fileID: 0}
  m_GameObject: {fileID: 600207053}
  m_Material: {fileID: 0}
  m_Enabled: 1
  m_TerrainData: {fileID: 15600000, guid: 15d7d22eee7b86640acbb2cd2dbe6c73, type: 2}
  m_EnableTreeColliders: 0
--- !u!218 &600207055
Terrain:
  m_ObjectHideFlags: 0
  m_PrefabParentObject: {fileID: 0}
  m_PrefabInternal: {fileID: 0}
  m_GameObject: {fileID: 600207053}
  m_Enabled: 1
  serializedVersion: 3
  m_TerrainData: {fileID: 15600000, guid: 15d7d22eee7b86640acbb2cd2dbe6c73, type: 2}
  m_TreeDistance: 0
  m_TreeBillboardDistance: 5
  m_TreeCrossFadeLength: 0
  m_TreeMaximumFullLODCount: 0
  m_DetailObjectDistance: 250
  m_DetailObjectDensity: 1
  m_HeightmapPixelError: 10
  m_SplatMapDistance: 50
  m_HeightmapMaximumLOD: 0
  m_CastShadows: 1
  m_DrawHeightmap: 1
  m_DrawTreesAndFoliage: 1
  m_ReflectionProbeUsage: 1
  m_MaterialType: 1
  m_LegacySpecular:
    serializedVersion: 2
    rgba: 4286545791
  m_LegacyShininess: 0.078125
  m_MaterialTemplate: {fileID: 0}
  m_BakeLightProbesForTrees: 1
  m_ScaleInLightmap: 1
  m_LightmapParameters: {fileID: 15203, guid: 0000000000000000f000000000000000, type: 0}
--- !u!4 &600207056
Transform:
  m_ObjectHideFlags: 0
  m_PrefabParentObject: {fileID: 0}
  m_PrefabInternal: {fileID: 0}
  m_GameObject: {fileID: 600207053}
  m_LocalRotation: {x: 0, y: 0, z: 0, w: 1}
  m_LocalPosition: {x: -25, y: 0.4, z: -22.2}
  m_LocalScale: {x: 1, y: 1, z: 1}
  m_Children: []
  m_Father: {fileID: 1068470330}
  m_RootOrder: 5
--- !u!1 &615878107
GameObject:
  m_ObjectHideFlags: 0
  m_PrefabParentObject: {fileID: 176738, guid: 42b3b2c330d9aa140a62859bcd541ef8, type: 2}
  m_PrefabInternal: {fileID: 0}
  serializedVersion: 4
  m_Component:
  - 4: {fileID: 615878108}
  - 114: {fileID: 615878109}
  m_Layer: 0
  m_Name: AbilityManager
  m_TagString: Untagged
  m_Icon: {fileID: 0}
  m_NavMeshLayer: 0
  m_StaticEditorFlags: 0
  m_IsActive: 1
--- !u!4 &615878108
Transform:
  m_ObjectHideFlags: 0
  m_PrefabParentObject: {fileID: 434790, guid: 42b3b2c330d9aa140a62859bcd541ef8, type: 2}
  m_PrefabInternal: {fileID: 0}
  m_GameObject: {fileID: 615878107}
  m_LocalRotation: {x: 0, y: 0, z: 0, w: 1}
  m_LocalPosition: {x: 0, y: 0, z: 0}
  m_LocalScale: {x: 1, y: 1, z: 1}
  m_Children: []
  m_Father: {fileID: 2011547133}
  m_RootOrder: 2
--- !u!114 &615878109
MonoBehaviour:
  m_ObjectHideFlags: 0
  m_PrefabParentObject: {fileID: 11443410, guid: 42b3b2c330d9aa140a62859bcd541ef8,
    type: 2}
  m_PrefabInternal: {fileID: 0}
  m_GameObject: {fileID: 615878107}
  m_Enabled: 1
  m_EditorHideFlags: 0
  m_Script: {fileID: 11500000, guid: 3add2b980b150554f8aa65e9f564bc86, type: 3}
  m_Name: 
  m_EditorClassIdentifier: 
  unavailableIDList: 
  abilityList: []
  defaultIndicator: {fileID: 420548, guid: 88ab1ab2af1f48e4889830136cb2bb72, type: 2}
  selectedAbilityID: -1
  currentIndicator: {fileID: 0}
  startWithFullEnergy: 0
  onlyChargeOnSpawn: 0
  energyRate: 5
  fullEnergy: 100
  energy: 0
  LifeEffect: {fileID: 904596256}
  GoldEffect: {fileID: 904596255}
--- !u!1 &619529983
GameObject:
  m_ObjectHideFlags: 0
  m_PrefabParentObject: {fileID: 191510, guid: 42b3b2c330d9aa140a62859bcd541ef8, type: 2}
  m_PrefabInternal: {fileID: 0}
  serializedVersion: 4
  m_Component:
  - 4: {fileID: 619529984}
  - 114: {fileID: 619529985}
  m_Layer: 0
  m_Name: MobileBillingManager
  m_TagString: MobileBillingManager
  m_Icon: {fileID: 0}
  m_NavMeshLayer: 0
  m_StaticEditorFlags: 0
  m_IsActive: 1
--- !u!4 &619529984
Transform:
  m_ObjectHideFlags: 0
  m_PrefabParentObject: {fileID: 466836, guid: 42b3b2c330d9aa140a62859bcd541ef8, type: 2}
  m_PrefabInternal: {fileID: 0}
  m_GameObject: {fileID: 619529983}
  m_LocalRotation: {x: 0, y: 0, z: 0, w: 1}
  m_LocalPosition: {x: 539.1362, y: 183.85477, z: -2.2172241}
  m_LocalScale: {x: 1, y: 1, z: 1}
  m_Children: []
  m_Father: {fileID: 2011547133}
  m_RootOrder: 8
--- !u!114 &619529985
MonoBehaviour:
  m_ObjectHideFlags: 0
  m_PrefabParentObject: {fileID: 11442806, guid: 42b3b2c330d9aa140a62859bcd541ef8,
    type: 2}
  m_PrefabInternal: {fileID: 0}
  m_GameObject: {fileID: 619529983}
  m_Enabled: 1
  m_EditorHideFlags: 0
  m_Script: {fileID: 11500000, guid: 04cb248920faccc48b9b7e92046794bd, type: 3}
  m_Name: 
  m_EditorClassIdentifier: 
--- !u!1 &695342594
GameObject:
  m_ObjectHideFlags: 0
  m_PrefabParentObject: {fileID: 118092, guid: 42b3b2c330d9aa140a62859bcd541ef8, type: 2}
  m_PrefabInternal: {fileID: 0}
  serializedVersion: 4
  m_Component:
  - 4: {fileID: 695342595}
  - 108: {fileID: 695342596}
  m_Layer: 0
  m_Name: Directional light
  m_TagString: Untagged
  m_Icon: {fileID: 0}
  m_NavMeshLayer: 0
  m_StaticEditorFlags: 0
  m_IsActive: 1
--- !u!4 &695342595
Transform:
  m_ObjectHideFlags: 0
  m_PrefabParentObject: {fileID: 468452, guid: 42b3b2c330d9aa140a62859bcd541ef8, type: 2}
  m_PrefabInternal: {fileID: 0}
  m_GameObject: {fileID: 695342594}
  m_LocalRotation: {x: -0.16172901, y: 0.83731925, z: -0.39044842, w: -0.34682897}
  m_LocalPosition: {x: 0, y: 20, z: 0}
  m_LocalScale: {x: 1, y: 1, z: 1}
  m_Children: []
  m_Father: {fileID: 2011547133}
  m_RootOrder: 4
--- !u!108 &695342596
Light:
  m_ObjectHideFlags: 0
  m_PrefabParentObject: {fileID: 10828942, guid: 42b3b2c330d9aa140a62859bcd541ef8,
    type: 2}
  m_PrefabInternal: {fileID: 0}
  m_GameObject: {fileID: 695342594}
  m_Enabled: 1
  serializedVersion: 6
  m_Type: 1
  m_Color: {r: 1, g: 1, b: 1, a: 1}
  m_Intensity: 1.3
  m_Range: 10
  m_SpotAngle: 30
  m_CookieSize: 10
  m_Shadows:
    m_Type: 1
    m_Resolution: -1
    m_Strength: 0.7
    m_Bias: 0
    m_NormalBias: 0.4
    m_NearPlane: 0.2
  m_Cookie: {fileID: 0}
  m_DrawHalo: 0
  m_Flare: {fileID: 0}
  m_RenderMode: 0
  m_CullingMask:
    serializedVersion: 2
    m_Bits: 4294967295
  m_Lightmapping: 1
  m_BounceIntensity: 1
  m_ShadowRadius: 0
  m_ShadowAngle: 0
  m_AreaSize: {x: 1, y: 1}
--- !u!1001 &707009148
Prefab:
  m_ObjectHideFlags: 0
  serializedVersion: 2
  m_Modification:
    m_TransformParent: {fileID: 871551155}
    m_Modifications:
    - target: {fileID: 400000, guid: 75f9838fda71f3e4b856da3eb156f8c4, type: 2}
      propertyPath: m_LocalPosition.x
      value: -16.5857944
      objectReference: {fileID: 0}
    - target: {fileID: 400000, guid: 75f9838fda71f3e4b856da3eb156f8c4, type: 2}
      propertyPath: m_LocalPosition.y
      value: -.33417511
      objectReference: {fileID: 0}
    - target: {fileID: 400000, guid: 75f9838fda71f3e4b856da3eb156f8c4, type: 2}
      propertyPath: m_LocalPosition.z
      value: 1.42811632
      objectReference: {fileID: 0}
    - target: {fileID: 400000, guid: 75f9838fda71f3e4b856da3eb156f8c4, type: 2}
      propertyPath: m_LocalRotation.x
      value: 0
      objectReference: {fileID: 0}
    - target: {fileID: 400000, guid: 75f9838fda71f3e4b856da3eb156f8c4, type: 2}
      propertyPath: m_LocalRotation.y
      value: -.70710659
      objectReference: {fileID: 0}
    - target: {fileID: 400000, guid: 75f9838fda71f3e4b856da3eb156f8c4, type: 2}
      propertyPath: m_LocalRotation.z
      value: 0
      objectReference: {fileID: 0}
    - target: {fileID: 400000, guid: 75f9838fda71f3e4b856da3eb156f8c4, type: 2}
      propertyPath: m_LocalRotation.w
      value: -.707106948
      objectReference: {fileID: 0}
    - target: {fileID: 400000, guid: 75f9838fda71f3e4b856da3eb156f8c4, type: 2}
      propertyPath: m_RootOrder
      value: 6
      objectReference: {fileID: 0}
    - target: {fileID: 13600000, guid: 75f9838fda71f3e4b856da3eb156f8c4, type: 2}
      propertyPath: m_Enabled
      value: 0
      objectReference: {fileID: 0}
    - target: {fileID: 400000, guid: 75f9838fda71f3e4b856da3eb156f8c4, type: 2}
      propertyPath: m_LocalScale.x
      value: 1.86882925
      objectReference: {fileID: 0}
    - target: {fileID: 400000, guid: 75f9838fda71f3e4b856da3eb156f8c4, type: 2}
      propertyPath: m_LocalScale.z
      value: 1.86882925
      objectReference: {fileID: 0}
    m_RemovedComponents: []
  m_ParentPrefab: {fileID: 100100000, guid: 75f9838fda71f3e4b856da3eb156f8c4, type: 2}
  m_IsPrefabParent: 0
--- !u!4 &707009149 stripped
Transform:
  m_PrefabParentObject: {fileID: 400000, guid: 75f9838fda71f3e4b856da3eb156f8c4, type: 2}
  m_PrefabInternal: {fileID: 707009148}
--- !u!1 &764127643
GameObject:
  m_ObjectHideFlags: 0
  m_PrefabParentObject: {fileID: 0}
  m_PrefabInternal: {fileID: 0}
  serializedVersion: 4
  m_Component:
  - 4: {fileID: 764127644}
  m_Layer: 0
  m_Name: waypoint2
  m_TagString: Untagged
  m_Icon: {fileID: 1182211791, guid: 0000000000000000d000000000000000, type: 0}
  m_NavMeshLayer: 0
  m_StaticEditorFlags: 0
  m_IsActive: 1
--- !u!4 &764127644
Transform:
  m_ObjectHideFlags: 0
  m_PrefabParentObject: {fileID: 0}
  m_PrefabInternal: {fileID: 0}
  m_GameObject: {fileID: 764127643}
  m_LocalRotation: {x: 0, y: 0, z: 0, w: 1}
  m_LocalPosition: {x: 3.36, y: 0, z: -0.7}
  m_LocalScale: {x: 1, y: 1, z: 1}
  m_Children: []
  m_Father: {fileID: 890438061}
  m_RootOrder: 1
--- !u!1 &795508818
GameObject:
  m_ObjectHideFlags: 0
  m_PrefabParentObject: {fileID: 0}
  m_PrefabInternal: {fileID: 0}
  serializedVersion: 4
  m_Component:
  - 4: {fileID: 795508819}
  m_Layer: 0
  m_Name: waypoint6
  m_TagString: Untagged
  m_Icon: {fileID: 1182211791, guid: 0000000000000000d000000000000000, type: 0}
  m_NavMeshLayer: 0
  m_StaticEditorFlags: 0
  m_IsActive: 1
--- !u!4 &795508819
Transform:
  m_ObjectHideFlags: 0
  m_PrefabParentObject: {fileID: 0}
  m_PrefabInternal: {fileID: 0}
  m_GameObject: {fileID: 795508818}
  m_LocalRotation: {x: 0, y: 0, z: 0, w: 1}
  m_LocalPosition: {x: 20.36, y: 0, z: -10.5}
  m_LocalScale: {x: 1, y: 1, z: 1}
  m_Children: []
  m_Father: {fileID: 890438061}
  m_RootOrder: 5
--- !u!1 &871551154
GameObject:
  m_ObjectHideFlags: 0
  m_PrefabParentObject: {fileID: 0}
  m_PrefabInternal: {fileID: 0}
  serializedVersion: 4
  m_Component:
  - 4: {fileID: 871551155}
  m_Layer: 0
  m_Name: Decorations
  m_TagString: Untagged
  m_Icon: {fileID: 0}
  m_NavMeshLayer: 0
  m_StaticEditorFlags: 0
  m_IsActive: 1
--- !u!4 &871551155
Transform:
  m_ObjectHideFlags: 0
  m_PrefabParentObject: {fileID: 0}
  m_PrefabInternal: {fileID: 0}
  m_GameObject: {fileID: 871551154}
  m_LocalRotation: {x: 0, y: 0.7071066, z: 0, w: -0.70710695}
  m_LocalPosition: {x: -7.1768093, y: 0.7304251, z: 5.645234}
  m_LocalScale: {x: 1, y: 1, z: 1}
  m_Children:
  - {fileID: 1898674232}
  - {fileID: 1809166076}
  - {fileID: 528797178}
  - {fileID: 1125767772}
  - {fileID: 1719138877}
  - {fileID: 268770003}
  - {fileID: 707009149}
  - {fileID: 1379925496}
  - {fileID: 1582493254}
  - {fileID: 1828962100}
  - {fileID: 1940877374}
  - {fileID: 2043835343}
  m_Father: {fileID: 1068470330}
  m_RootOrder: 6
--- !u!1 &882722703
GameObject:
  m_ObjectHideFlags: 0
  m_PrefabParentObject: {fileID: 0}
  m_PrefabInternal: {fileID: 0}
  serializedVersion: 4
  m_Component:
  - 4: {fileID: 882722704}
  m_Layer: 0
  m_Name: waypoint5
  m_TagString: Untagged
  m_Icon: {fileID: 1182211791, guid: 0000000000000000d000000000000000, type: 0}
  m_NavMeshLayer: 0
  m_StaticEditorFlags: 0
  m_IsActive: 1
--- !u!4 &882722704
Transform:
  m_ObjectHideFlags: 0
  m_PrefabParentObject: {fileID: 0}
  m_PrefabInternal: {fileID: 0}
  m_GameObject: {fileID: 882722703}
  m_LocalRotation: {x: 0, y: 0, z: 0, w: 1}
  m_LocalPosition: {x: 11.6, y: 0, z: -10.5}
  m_LocalScale: {x: 1, y: 1, z: 1}
  m_Children: []
  m_Father: {fileID: 890438061}
  m_RootOrder: 4
--- !u!1 &890438060
GameObject:
  m_ObjectHideFlags: 0
  m_PrefabParentObject: {fileID: 0}
  m_PrefabInternal: {fileID: 0}
  serializedVersion: 4
  m_Component:
  - 4: {fileID: 890438061}
  - 114: {fileID: 890438062}
  m_Layer: 0
  m_Name: Path1
  m_TagString: Untagged
  m_Icon: {fileID: 0}
  m_NavMeshLayer: 0
  m_StaticEditorFlags: 0
  m_IsActive: 1
--- !u!4 &890438061
Transform:
  m_ObjectHideFlags: 0
  m_PrefabParentObject: {fileID: 0}
  m_PrefabInternal: {fileID: 0}
  m_GameObject: {fileID: 890438060}
  m_LocalRotation: {x: 0, y: 0, z: 0, w: 1}
  m_LocalPosition: {x: -10.20681, y: 0.40625, z: 1.8652344}
  m_LocalScale: {x: 1, y: 1, z: 1}
  m_Children:
  - {fileID: 1843632100}
  - {fileID: 764127644}
  - {fileID: 1452856425}
  - {fileID: 39451251}
  - {fileID: 882722704}
  - {fileID: 795508819}
  - {fileID: 1945381206}
  - {fileID: 992456094}
  - {fileID: 1608391500}
  m_Father: {fileID: 1068470330}
  m_RootOrder: 3
--- !u!114 &890438062
MonoBehaviour:
  m_ObjectHideFlags: 0
  m_PrefabParentObject: {fileID: 0}
  m_PrefabInternal: {fileID: 0}
  m_GameObject: {fileID: 890438060}
  m_Enabled: 1
  m_EditorHideFlags: 0
  m_Script: {fileID: 11500000, guid: 10229323c5a354dae84f46dd546c2726, type: 3}
  m_Name: 
  m_EditorClassIdentifier: 
  wpList:
  - {fileID: 1843632100}
  - {fileID: 764127644}
  - {fileID: 1452856425}
  - {fileID: 39451251}
  - {fileID: 882722704}
  - {fileID: 795508819}
  - {fileID: 1945381206}
  - {fileID: 992456094}
  wpSectionList: []
  createPathLine: 0
  dynamicOffset: 0
  loop: 0
  loopPoint: 0
  PathLength: 0
  Distances: []
  showGizmo: 1
  gizmoColor: {r: 0, g: 0, b: 1, a: 1}
--- !u!4 &904596254 stripped
Transform:
  m_PrefabParentObject: {fileID: 400000, guid: 8caa835db4ebe864fbef2371b7a3e9d9, type: 2}
  m_PrefabInternal: {fileID: 68302334}
--- !u!114 &904596255 stripped
MonoBehaviour:
  m_PrefabParentObject: {fileID: 11489952, guid: 8caa835db4ebe864fbef2371b7a3e9d9,
    type: 2}
  m_PrefabInternal: {fileID: 68302334}
  m_Script: {fileID: 11500000, guid: 688bf3f4ec02e5d4eb645fc83966c60a, type: 3}
--- !u!114 &904596256 stripped
MonoBehaviour:
  m_PrefabParentObject: {fileID: 11400326, guid: 8caa835db4ebe864fbef2371b7a3e9d9,
    type: 2}
  m_PrefabInternal: {fileID: 68302334}
  m_Script: {fileID: 11500000, guid: 688bf3f4ec02e5d4eb645fc83966c60a, type: 3}
--- !u!1 &912727987
GameObject:
  m_ObjectHideFlags: 0
  m_PrefabParentObject: {fileID: 121970, guid: 42b3b2c330d9aa140a62859bcd541ef8, type: 2}
  m_PrefabInternal: {fileID: 0}
  serializedVersion: 4
  m_Component:
  - 4: {fileID: 912727988}
  - 114: {fileID: 912727989}
  m_Layer: 0
  m_Name: PerkManager
  m_TagString: Untagged
  m_Icon: {fileID: 0}
  m_NavMeshLayer: 0
  m_StaticEditorFlags: 0
  m_IsActive: 1
--- !u!4 &912727988
Transform:
  m_ObjectHideFlags: 0
  m_PrefabParentObject: {fileID: 480424, guid: 42b3b2c330d9aa140a62859bcd541ef8, type: 2}
  m_PrefabInternal: {fileID: 0}
  m_GameObject: {fileID: 912727987}
  m_LocalRotation: {x: 0, y: 0, z: 0, w: 1}
  m_LocalPosition: {x: 0, y: 4, z: 0}
  m_LocalScale: {x: 1, y: 1, z: 1}
  m_Children: []
  m_Father: {fileID: 2011547133}
  m_RootOrder: 1
--- !u!114 &912727989
MonoBehaviour:
  m_ObjectHideFlags: 0
  m_PrefabParentObject: {fileID: 11425606, guid: 42b3b2c330d9aa140a62859bcd541ef8,
    type: 2}
  m_PrefabInternal: {fileID: 0}
  m_GameObject: {fileID: 912727987}
  m_Enabled: 1
  m_EditorHideFlags: 0
  m_Script: {fileID: 11500000, guid: d46bc69e9debe9b47a11176d20a0e5cd, type: 3}
  m_Name: 
  m_EditorClassIdentifier: 
  unavailableIDList: 
  purchasedIDList: 
  perkList: []
  persistantProgress: 0
  lifeCap: 0
  lifeRegen: 0
  lifeWaveClearedBonus: 0
  rscRegen: []
  rscGain: []
  rscCreepKilledGain: []
  rscWaveClearedGain: []
  rscRscTowerGain: []
  energyRegen: 0
  energyCap: 0
  energyCreepKilledBonus: 0
  energyWaveClearedBonus: 0
--- !u!1 &992456093
GameObject:
  m_ObjectHideFlags: 0
  m_PrefabParentObject: {fileID: 0}
  m_PrefabInternal: {fileID: 0}
  serializedVersion: 4
  m_Component:
  - 4: {fileID: 992456094}
  m_Layer: 0
  m_Name: waypoint8
  m_TagString: Untagged
  m_Icon: {fileID: 1182211791, guid: 0000000000000000d000000000000000, type: 0}
  m_NavMeshLayer: 0
  m_StaticEditorFlags: 0
  m_IsActive: 1
--- !u!4 &992456094
Transform:
  m_ObjectHideFlags: 0
  m_PrefabParentObject: {fileID: 0}
  m_PrefabInternal: {fileID: 0}
  m_GameObject: {fileID: 992456093}
  m_LocalRotation: {x: 0, y: 0, z: 0, w: 1}
  m_LocalPosition: {x: 37.58, y: 0, z: -0.28}
  m_LocalScale: {x: 1, y: 1, z: 1}
  m_Children: []
  m_Father: {fileID: 890438061}
  m_RootOrder: 7
--- !u!1 &1056278200
GameObject:
  m_ObjectHideFlags: 0
  m_PrefabParentObject: {fileID: 177464, guid: 42b3b2c330d9aa140a62859bcd541ef8, type: 2}
  m_PrefabInternal: {fileID: 0}
  serializedVersion: 4
  m_Component:
  - 4: {fileID: 1056278201}
  - 114: {fileID: 1056278202}
  m_Layer: 0
  m_Name: CrystalManager
  m_TagString: CrystalManager
  m_Icon: {fileID: 0}
  m_NavMeshLayer: 0
  m_StaticEditorFlags: 0
  m_IsActive: 1
--- !u!4 &1056278201
Transform:
  m_ObjectHideFlags: 0
  m_PrefabParentObject: {fileID: 461296, guid: 42b3b2c330d9aa140a62859bcd541ef8, type: 2}
  m_PrefabInternal: {fileID: 0}
  m_GameObject: {fileID: 1056278200}
  m_LocalRotation: {x: 0, y: 0, z: 0, w: 1}
  m_LocalPosition: {x: -11.900089, y: -0.51898766, z: -1.2969227}
  m_LocalScale: {x: 1, y: 1, z: 1}
  m_Children: []
  m_Father: {fileID: 2011547133}
  m_RootOrder: 6
--- !u!114 &1056278202
MonoBehaviour:
  m_ObjectHideFlags: 0
  m_PrefabParentObject: {fileID: 11439580, guid: 42b3b2c330d9aa140a62859bcd541ef8,
    type: 2}
  m_PrefabInternal: {fileID: 0}
  m_GameObject: {fileID: 1056278200}
  m_Enabled: 1
  m_EditorHideFlags: 0
  m_Script: {fileID: 11500000, guid: 8f9f3a0f7b990394a92ca16d2c9b689a, type: 3}
  m_Name: 
  m_EditorClassIdentifier: 
  MaxCrystalGain: 0
  MinCrystalGain: 0
  CrystalGained: 0
  MobileMaxCrystalsInLevel: 0
  WinBounty: 0
--- !u!1 &1068470329
GameObject:
  m_ObjectHideFlags: 0
  m_PrefabParentObject: {fileID: 0}
  m_PrefabInternal: {fileID: 0}
  serializedVersion: 4
  m_Component:
  - 4: {fileID: 1068470330}
  m_Layer: 0
  m_Name: '#scene_unique'
  m_TagString: Untagged
  m_Icon: {fileID: 0}
  m_NavMeshLayer: 0
  m_StaticEditorFlags: 0
  m_IsActive: 1
--- !u!4 &1068470330
Transform:
  m_ObjectHideFlags: 0
  m_PrefabParentObject: {fileID: 0}
  m_PrefabInternal: {fileID: 0}
  m_GameObject: {fileID: 1068470329}
  m_LocalRotation: {x: 0, y: 0, z: 0, w: 1}
  m_LocalPosition: {x: -9.79319, y: -0.40625, z: -1.8652344}
  m_LocalScale: {x: 1, y: 1, z: 1}
  m_Children:
  - {fileID: 188402926}
  - {fileID: 1265287900}
  - {fileID: 1714659944}
  - {fileID: 890438061}
  - {fileID: 2017185659}
  - {fileID: 600207056}
  - {fileID: 871551155}
  m_Father: {fileID: 0}
  m_RootOrder: 0
--- !u!1001 &1122433030
Prefab:
  m_ObjectHideFlags: 0
  serializedVersion: 2
  m_Modification:
    m_TransformParent: {fileID: 871551155}
    m_Modifications:
    - target: {fileID: 400000, guid: ce127f0be8e4d074082e4541e0e52255, type: 3}
      propertyPath: m_LocalPosition.x
      value: 5.48810863
      objectReference: {fileID: 0}
    - target: {fileID: 400000, guid: ce127f0be8e4d074082e4541e0e52255, type: 3}
      propertyPath: m_LocalPosition.y
      value: -.109580025
      objectReference: {fileID: 0}
    - target: {fileID: 400000, guid: ce127f0be8e4d074082e4541e0e52255, type: 3}
      propertyPath: m_LocalPosition.z
      value: -14.8518467
      objectReference: {fileID: 0}
    - target: {fileID: 400000, guid: ce127f0be8e4d074082e4541e0e52255, type: 3}
      propertyPath: m_LocalRotation.x
      value: 0
      objectReference: {fileID: 0}
    - target: {fileID: 400000, guid: ce127f0be8e4d074082e4541e0e52255, type: 3}
      propertyPath: m_LocalRotation.y
      value: -.70710659
      objectReference: {fileID: 0}
    - target: {fileID: 400000, guid: ce127f0be8e4d074082e4541e0e52255, type: 3}
      propertyPath: m_LocalRotation.z
      value: 0
      objectReference: {fileID: 0}
    - target: {fileID: 400000, guid: ce127f0be8e4d074082e4541e0e52255, type: 3}
      propertyPath: m_LocalRotation.w
      value: -.707106948
      objectReference: {fileID: 0}
    - target: {fileID: 400000, guid: ce127f0be8e4d074082e4541e0e52255, type: 3}
      propertyPath: m_RootOrder
      value: 4
      objectReference: {fileID: 0}
    - target: {fileID: 400000, guid: ce127f0be8e4d074082e4541e0e52255, type: 3}
      propertyPath: m_LocalScale.x
      value: 1
      objectReference: {fileID: 0}
    - target: {fileID: 400000, guid: ce127f0be8e4d074082e4541e0e52255, type: 3}
      propertyPath: m_LocalScale.z
      value: 1
      objectReference: {fileID: 0}
    m_RemovedComponents: []
  m_ParentPrefab: {fileID: 100100000, guid: ce127f0be8e4d074082e4541e0e52255, type: 3}
  m_IsPrefabParent: 0
--- !u!1 &1123133227
GameObject:
  m_ObjectHideFlags: 0
  m_PrefabParentObject: {fileID: 0}
  m_PrefabInternal: {fileID: 0}
  serializedVersion: 4
  m_Component:
  - 4: {fileID: 1123133228}
  - 33: {fileID: 1123133232}
  - 23: {fileID: 1123133231}
  - 65: {fileID: 1123133230}
  - 114: {fileID: 1123133229}
  m_Layer: 27
  m_Name: PlatformTD (4)
  m_TagString: Untagged
  m_Icon: {fileID: 0}
  m_NavMeshLayer: 0
  m_StaticEditorFlags: 0
  m_IsActive: 1
--- !u!4 &1123133228
Transform:
  m_ObjectHideFlags: 0
  m_PrefabParentObject: {fileID: 0}
  m_PrefabInternal: {fileID: 0}
  m_GameObject: {fileID: 1123133227}
  m_LocalRotation: {x: 0, y: 0, z: 0, w: 1}
  m_LocalPosition: {x: -4.08, y: 0, z: -3.57}
  m_LocalScale: {x: 3, y: 1, z: 3}
  m_Children: []
  m_Father: {fileID: 2017185659}
  m_RootOrder: 3
--- !u!114 &1123133229
MonoBehaviour:
  m_ObjectHideFlags: 0
  m_PrefabParentObject: {fileID: 0}
  m_PrefabInternal: {fileID: 0}
  m_GameObject: {fileID: 1123133227}
  m_Enabled: 1
  m_EditorHideFlags: 0
  m_Script: {fileID: 11500000, guid: cc1a5dd9778d24b79a7c2f0288653b43, type: 3}
  m_Name: 
  m_EditorClassIdentifier: 
  availableTowerIDList: 
  subPathList: []
  thisObj: {fileID: 0}
  thisT: {fileID: 0}
  GizmoShowNodes: 1
--- !u!65 &1123133230
BoxCollider:
  m_ObjectHideFlags: 0
  m_PrefabParentObject: {fileID: 0}
  m_PrefabInternal: {fileID: 0}
  m_GameObject: {fileID: 1123133227}
  m_Material: {fileID: 0}
  m_IsTrigger: 0
  m_Enabled: 1
  serializedVersion: 2
  m_Size: {x: 1, y: 0.000002, z: 1}
  m_Center: {x: 0, y: 0, z: 0}
--- !u!23 &1123133231
MeshRenderer:
  m_ObjectHideFlags: 0
  m_PrefabParentObject: {fileID: 0}
  m_PrefabInternal: {fileID: 0}
  m_GameObject: {fileID: 1123133227}
  m_Enabled: 1
  m_CastShadows: 0
  m_ReceiveShadows: 1
  m_Materials:
  - {fileID: 2100000, guid: 238e45c68016d3242a11ddb4c255a31e, type: 2}
  m_SubsetIndices: 
  m_StaticBatchRoot: {fileID: 0}
  m_UseLightProbes: 0
  m_ReflectionProbeUsage: 1
  m_ProbeAnchor: {fileID: 0}
  m_ScaleInLightmap: 1
  m_PreserveUVs: 0
  m_IgnoreNormalsForChartDetection: 0
  m_ImportantGI: 0
  m_MinimumChartSize: 4
  m_AutoUVMaxDistance: 0.5
  m_AutoUVMaxAngle: 89
  m_LightmapParameters: {fileID: 0}
  m_SortingLayerID: 0
  m_SortingOrder: 0
--- !u!33 &1123133232
MeshFilter:
  m_ObjectHideFlags: 0
  m_PrefabParentObject: {fileID: 0}
  m_PrefabInternal: {fileID: 0}
  m_GameObject: {fileID: 1123133227}
  m_Mesh: {fileID: 4300000, guid: 02bf0cc9641abaa4a97c6cb89139c495, type: 3}
--- !u!4 &1125767772 stripped
Transform:
  m_PrefabParentObject: {fileID: 400000, guid: 98249f7e1e1c683449cca823a74cbb3e, type: 3}
  m_PrefabInternal: {fileID: 1141354914}
--- !u!1001 &1141354914
Prefab:
  m_ObjectHideFlags: 0
  serializedVersion: 2
  m_Modification:
    m_TransformParent: {fileID: 871551155}
    m_Modifications:
    - target: {fileID: 400000, guid: 98249f7e1e1c683449cca823a74cbb3e, type: 3}
      propertyPath: m_LocalPosition.x
      value: -.139337033
      objectReference: {fileID: 0}
    - target: {fileID: 400000, guid: 98249f7e1e1c683449cca823a74cbb3e, type: 3}
      propertyPath: m_LocalPosition.y
      value: -.347209424
      objectReference: {fileID: 0}
    - target: {fileID: 400000, guid: 98249f7e1e1c683449cca823a74cbb3e, type: 3}
      propertyPath: m_LocalPosition.z
      value: -13.7985392
      objectReference: {fileID: 0}
    - target: {fileID: 400000, guid: 98249f7e1e1c683449cca823a74cbb3e, type: 3}
      propertyPath: m_LocalRotation.x
      value: 0
      objectReference: {fileID: 0}
    - target: {fileID: 400000, guid: 98249f7e1e1c683449cca823a74cbb3e, type: 3}
      propertyPath: m_LocalRotation.y
      value: -.70710659
      objectReference: {fileID: 0}
    - target: {fileID: 400000, guid: 98249f7e1e1c683449cca823a74cbb3e, type: 3}
      propertyPath: m_LocalRotation.z
      value: 0
      objectReference: {fileID: 0}
    - target: {fileID: 400000, guid: 98249f7e1e1c683449cca823a74cbb3e, type: 3}
      propertyPath: m_LocalRotation.w
      value: -.707106948
      objectReference: {fileID: 0}
    - target: {fileID: 400000, guid: 98249f7e1e1c683449cca823a74cbb3e, type: 3}
      propertyPath: m_RootOrder
      value: 3
      objectReference: {fileID: 0}
    - target: {fileID: 400000, guid: 98249f7e1e1c683449cca823a74cbb3e, type: 3}
      propertyPath: m_LocalScale.x
      value: 1
      objectReference: {fileID: 0}
    - target: {fileID: 400000, guid: 98249f7e1e1c683449cca823a74cbb3e, type: 3}
      propertyPath: m_LocalScale.z
      value: 1
      objectReference: {fileID: 0}
    m_RemovedComponents: []
  m_ParentPrefab: {fileID: 100100000, guid: 98249f7e1e1c683449cca823a74cbb3e, type: 3}
  m_IsPrefabParent: 0
--- !u!1 &1152399208
GameObject:
  m_ObjectHideFlags: 0
  m_PrefabParentObject: {fileID: 0}
  m_PrefabInternal: {fileID: 0}
  serializedVersion: 4
  m_Component:
  - 4: {fileID: 1152399209}
  - 33: {fileID: 1152399213}
  - 23: {fileID: 1152399212}
  - 65: {fileID: 1152399211}
  - 114: {fileID: 1152399210}
  m_Layer: 27
  m_Name: PlatformTD (1)
  m_TagString: Untagged
  m_Icon: {fileID: 0}
  m_NavMeshLayer: 0
  m_StaticEditorFlags: 0
  m_IsActive: 1
--- !u!4 &1152399209
Transform:
  m_ObjectHideFlags: 0
  m_PrefabParentObject: {fileID: 0}
  m_PrefabInternal: {fileID: 0}
  m_GameObject: {fileID: 1152399208}
  m_LocalRotation: {x: 0, y: 0, z: 0, w: 1}
  m_LocalPosition: {x: -12.5, y: 0, z: 2.08}
  m_LocalScale: {x: 3, y: 1, z: 3}
  m_Children: []
  m_Father: {fileID: 2017185659}
  m_RootOrder: 0
--- !u!114 &1152399210
MonoBehaviour:
  m_ObjectHideFlags: 0
  m_PrefabParentObject: {fileID: 0}
  m_PrefabInternal: {fileID: 0}
  m_GameObject: {fileID: 1152399208}
  m_Enabled: 1
  m_EditorHideFlags: 0
  m_Script: {fileID: 11500000, guid: cc1a5dd9778d24b79a7c2f0288653b43, type: 3}
  m_Name: 
  m_EditorClassIdentifier: 
  availableTowerIDList: 
  subPathList: []
  thisObj: {fileID: 0}
  thisT: {fileID: 0}
  GizmoShowNodes: 1
--- !u!65 &1152399211
BoxCollider:
  m_ObjectHideFlags: 0
  m_PrefabParentObject: {fileID: 0}
  m_PrefabInternal: {fileID: 0}
  m_GameObject: {fileID: 1152399208}
  m_Material: {fileID: 0}
  m_IsTrigger: 0
  m_Enabled: 1
  serializedVersion: 2
  m_Size: {x: 1, y: 0.000002, z: 1}
  m_Center: {x: 0, y: 0, z: 0}
--- !u!23 &1152399212
MeshRenderer:
  m_ObjectHideFlags: 0
  m_PrefabParentObject: {fileID: 0}
  m_PrefabInternal: {fileID: 0}
  m_GameObject: {fileID: 1152399208}
  m_Enabled: 1
  m_CastShadows: 0
  m_ReceiveShadows: 1
  m_Materials:
  - {fileID: 2100000, guid: 238e45c68016d3242a11ddb4c255a31e, type: 2}
  m_SubsetIndices: 
  m_StaticBatchRoot: {fileID: 0}
  m_UseLightProbes: 0
  m_ReflectionProbeUsage: 1
  m_ProbeAnchor: {fileID: 0}
  m_ScaleInLightmap: 1
  m_PreserveUVs: 0
  m_IgnoreNormalsForChartDetection: 0
  m_ImportantGI: 0
  m_MinimumChartSize: 4
  m_AutoUVMaxDistance: 0.5
  m_AutoUVMaxAngle: 89
  m_LightmapParameters: {fileID: 0}
  m_SortingLayerID: 0
  m_SortingOrder: 0
--- !u!33 &1152399213
MeshFilter:
  m_ObjectHideFlags: 0
  m_PrefabParentObject: {fileID: 0}
  m_PrefabInternal: {fileID: 0}
  m_GameObject: {fileID: 1152399208}
  m_Mesh: {fileID: 4300000, guid: 02bf0cc9641abaa4a97c6cb89139c495, type: 3}
--- !u!1001 &1247791391
Prefab:
  m_ObjectHideFlags: 0
  serializedVersion: 2
  m_Modification:
    m_TransformParent: {fileID: 890438061}
    m_Modifications:
    - target: {fileID: 400000, guid: ac946f27c352a1c4f88c9af8dffe7582, type: 2}
      propertyPath: m_LocalPosition.x
      value: 20
      objectReference: {fileID: 0}
    - target: {fileID: 400000, guid: ac946f27c352a1c4f88c9af8dffe7582, type: 2}
      propertyPath: m_LocalPosition.y
      value: 0
      objectReference: {fileID: 0}
    - target: {fileID: 400000, guid: ac946f27c352a1c4f88c9af8dffe7582, type: 2}
      propertyPath: m_LocalPosition.z
      value: 3
      objectReference: {fileID: 0}
    - target: {fileID: 400000, guid: ac946f27c352a1c4f88c9af8dffe7582, type: 2}
      propertyPath: m_LocalRotation.x
      value: 0
      objectReference: {fileID: 0}
    - target: {fileID: 400000, guid: ac946f27c352a1c4f88c9af8dffe7582, type: 2}
      propertyPath: m_LocalRotation.y
      value: 0
      objectReference: {fileID: 0}
    - target: {fileID: 400000, guid: ac946f27c352a1c4f88c9af8dffe7582, type: 2}
      propertyPath: m_LocalRotation.z
      value: 0
      objectReference: {fileID: 0}
    - target: {fileID: 400000, guid: ac946f27c352a1c4f88c9af8dffe7582, type: 2}
      propertyPath: m_LocalRotation.w
      value: 1
      objectReference: {fileID: 0}
    - target: {fileID: 400000, guid: ac946f27c352a1c4f88c9af8dffe7582, type: 2}
      propertyPath: m_RootOrder
      value: 8
      objectReference: {fileID: 0}
    - target: {fileID: 11400000, guid: ac946f27c352a1c4f88c9af8dffe7582, type: 2}
      propertyPath: path
      value: 
      objectReference: {fileID: 890438062}
    - target: {fileID: 19800000, guid: ac946f27c352a1c4f88c9af8dffe7582, type: 2}
      propertyPath: InitialModule.startColor.maxColor.rgba
      value: 4294639556
      objectReference: {fileID: 0}
    - target: {fileID: 11400000, guid: ac946f27c352a1c4f88c9af8dffe7582, type: 2}
      propertyPath: delayBeforeStart
      value: 3
      objectReference: {fileID: 0}
    - target: {fileID: 11400000, guid: ac946f27c352a1c4f88c9af8dffe7582, type: 2}
      propertyPath: speed
      value: 10
      objectReference: {fileID: 0}
    - target: {fileID: 19800000, guid: ac946f27c352a1c4f88c9af8dffe7582, type: 2}
      propertyPath: InitialModule.startRotation.scalar
      value: 0
      objectReference: {fileID: 0}
    - target: {fileID: 11400000, guid: ac946f27c352a1c4f88c9af8dffe7582, type: 2}
      propertyPath: updateRate
      value: .100000001
      objectReference: {fileID: 0}
    - target: {fileID: 19800000, guid: ac946f27c352a1c4f88c9af8dffe7582, type: 2}
      propertyPath: InitialModule.startLifetime.scalar
      value: 1
      objectReference: {fileID: 0}
    - target: {fileID: 19800000, guid: ac946f27c352a1c4f88c9af8dffe7582, type: 2}
      propertyPath: lengthInSec
      value: 5
      objectReference: {fileID: 0}
    - target: {fileID: 19800000, guid: ac946f27c352a1c4f88c9af8dffe7582, type: 2}
      propertyPath: InitialModule.startSpeed.scalar
      value: 0
      objectReference: {fileID: 0}
    - target: {fileID: 11400000, guid: ac946f27c352a1c4f88c9af8dffe7582, type: 2}
      propertyPath: delayBetweenWaves
      value: 10
      objectReference: {fileID: 0}
    m_RemovedComponents: []
  m_ParentPrefab: {fileID: 100100000, guid: ac946f27c352a1c4f88c9af8dffe7582, type: 2}
  m_IsPrefabParent: 0
--- !u!1 &1265287899
GameObject:
  m_ObjectHideFlags: 0
  m_PrefabParentObject: {fileID: 0}
  m_PrefabInternal: {fileID: 0}
  serializedVersion: 4
  m_Component:
  - 4: {fileID: 1265287900}
  - 114: {fileID: 1265287903}
  - 114: {fileID: 1265287902}
  - 114: {fileID: 1265287901}
  - 114: {fileID: 1265287904}
  m_Layer: 0
  m_Name: GameControl
  m_TagString: Untagged
  m_Icon: {fileID: 0}
  m_NavMeshLayer: 0
  m_StaticEditorFlags: 0
  m_IsActive: 1
--- !u!4 &1265287900
Transform:
  m_ObjectHideFlags: 0
  m_PrefabParentObject: {fileID: 0}
  m_PrefabInternal: {fileID: 0}
  m_GameObject: {fileID: 1265287899}
  m_LocalRotation: {x: 0, y: 0, z: 0, w: 1}
  m_LocalPosition: {x: 9.79319, y: 0.40625, z: 1.8652344}
  m_LocalScale: {x: 1, y: 1, z: 1}
  m_Children: []
  m_Father: {fileID: 1068470330}
  m_RootOrder: 1
--- !u!114 &1265287901
MonoBehaviour:
  m_ObjectHideFlags: 0
  m_PrefabParentObject: {fileID: 0}
  m_PrefabInternal: {fileID: 0}
  m_GameObject: {fileID: 1265287899}
  m_Enabled: 1
  m_EditorHideFlags: 0
  m_Script: {fileID: 11500000, guid: a50127bc709d240c191e935e3e28f356, type: 3}
  m_Name: 
  m_EditorClassIdentifier: 
  gameState: 0
  playerWon: 0
  levelID: 1
  HPCreepMultiplier: 1
  RscCreepMultiplier: 1
  RscStartMultiplier: 1
  PortalScoreDeadUnityMultiplier: 1
  capLife: 0
  playerLifeCap: 10
  playerLife: 20
  enableLifeGen: 0
  lifeRegenRate: 0
  sellTowerRefundRatio: 0.5
  resetTargetAfterShoot: 1
  rangeIndicator: {fileID: 409632, guid: e4bf759df0bf25b4481df3b5cfe2e174, type: 2}
  rangeIndicatorCone: {fileID: 400000, guid: a386ecc00bf8bef47bed0881e4709fe6, type: 2}
  nextScene: 
  mainMenu: LevelSelect
  TimeGame: 0
  loadAudioManager: 0
  thisT: {fileID: 0}
  selectedTower: {fileID: 0}
--- !u!114 &1265287902
MonoBehaviour:
  m_ObjectHideFlags: 0
  m_PrefabParentObject: {fileID: 0}
  m_PrefabInternal: {fileID: 0}
  m_GameObject: {fileID: 1265287899}
  m_Enabled: 1
  m_EditorHideFlags: 0
  m_Script: {fileID: 11500000, guid: d56cc1cf56efc724ca89bcba570d02af, type: 3}
  m_Name: 
  m_EditorClassIdentifier: 
  carryFromLastScene: 0
  enableRscGen: 0
  rscGenRateList: []
  rscList:
  - ID: 0
    name: Cash
    icon: {fileID: 21300020, guid: 88c01ae7b0a19d14bbdb9af731335a8e, type: 3}
    value: 10
--- !u!114 &1265287903
MonoBehaviour:
  m_ObjectHideFlags: 0
  m_PrefabParentObject: {fileID: 0}
  m_PrefabInternal: {fileID: 0}
  m_GameObject: {fileID: 1265287899}
  m_Enabled: 1
  m_EditorHideFlags: 0
  m_Script: {fileID: 11500000, guid: 398d59c4f09b379418d9127edd9bf494, type: 3}
  m_Name: 
  m_EditorClassIdentifier: 
--- !u!114 &1265287904
MonoBehaviour:
  m_ObjectHideFlags: 0
  m_PrefabParentObject: {fileID: 0}
  m_PrefabInternal: {fileID: 0}
  m_GameObject: {fileID: 1265287899}
  m_Enabled: 1
  m_EditorHideFlags: 0
  m_Script: {fileID: 11500000, guid: 07697fce30e800149bd1676081d7929a, type: 3}
  m_Name: 
  m_EditorClassIdentifier: 
  NewUnits:
  - {fileID: 107306, guid: 56489d6e83ebec441a55712bcfc03478, type: 2}
  - {fileID: 194634, guid: ea24eb51c0e0cc249b518b74cf51bd42, type: 2}
  Platform1: {fileID: 1152399208}
  Platform2: {fileID: 1802679869}
--- !u!1 &1328280944
GameObject:
  m_ObjectHideFlags: 0
  m_PrefabParentObject: {fileID: 0}
  m_PrefabInternal: {fileID: 0}
  serializedVersion: 4
  m_Component:
  - 4: {fileID: 1328280945}
  - 33: {fileID: 1328280949}
  - 23: {fileID: 1328280948}
  - 65: {fileID: 1328280947}
  - 114: {fileID: 1328280946}
  m_Layer: 27
  m_Name: PlatformTD (5)
  m_TagString: Untagged
  m_Icon: {fileID: 0}
  m_NavMeshLayer: 0
  m_StaticEditorFlags: 0
  m_IsActive: 1
--- !u!4 &1328280945
Transform:
  m_ObjectHideFlags: 0
  m_PrefabParentObject: {fileID: 0}
  m_PrefabInternal: {fileID: 0}
  m_GameObject: {fileID: 1328280944}
  m_LocalRotation: {x: 0, y: 0, z: 0, w: 1}
  m_LocalPosition: {x: -4.08, y: 0, z: -0.39}
  m_LocalScale: {x: 3, y: 1, z: 3}
  m_Children: []
  m_Father: {fileID: 2017185659}
  m_RootOrder: 4
--- !u!114 &1328280946
MonoBehaviour:
  m_ObjectHideFlags: 0
  m_PrefabParentObject: {fileID: 0}
  m_PrefabInternal: {fileID: 0}
  m_GameObject: {fileID: 1328280944}
  m_Enabled: 1
  m_EditorHideFlags: 0
  m_Script: {fileID: 11500000, guid: cc1a5dd9778d24b79a7c2f0288653b43, type: 3}
  m_Name: 
  m_EditorClassIdentifier: 
  availableTowerIDList: 
  subPathList: []
  thisObj: {fileID: 0}
  thisT: {fileID: 0}
  GizmoShowNodes: 1
--- !u!65 &1328280947
BoxCollider:
  m_ObjectHideFlags: 0
  m_PrefabParentObject: {fileID: 0}
  m_PrefabInternal: {fileID: 0}
  m_GameObject: {fileID: 1328280944}
  m_Material: {fileID: 0}
  m_IsTrigger: 0
  m_Enabled: 1
  serializedVersion: 2
  m_Size: {x: 1, y: 0.000002, z: 1}
  m_Center: {x: 0, y: 0, z: 0}
--- !u!23 &1328280948
MeshRenderer:
  m_ObjectHideFlags: 0
  m_PrefabParentObject: {fileID: 0}
  m_PrefabInternal: {fileID: 0}
  m_GameObject: {fileID: 1328280944}
  m_Enabled: 1
  m_CastShadows: 0
  m_ReceiveShadows: 1
  m_Materials:
  - {fileID: 2100000, guid: 238e45c68016d3242a11ddb4c255a31e, type: 2}
  m_SubsetIndices: 
  m_StaticBatchRoot: {fileID: 0}
  m_UseLightProbes: 0
  m_ReflectionProbeUsage: 1
  m_ProbeAnchor: {fileID: 0}
  m_ScaleInLightmap: 1
  m_PreserveUVs: 0
  m_IgnoreNormalsForChartDetection: 0
  m_ImportantGI: 0
  m_MinimumChartSize: 4
  m_AutoUVMaxDistance: 0.5
  m_AutoUVMaxAngle: 89
  m_LightmapParameters: {fileID: 0}
  m_SortingLayerID: 0
  m_SortingOrder: 0
--- !u!33 &1328280949
MeshFilter:
  m_ObjectHideFlags: 0
  m_PrefabParentObject: {fileID: 0}
  m_PrefabInternal: {fileID: 0}
  m_GameObject: {fileID: 1328280944}
  m_Mesh: {fileID: 4300000, guid: 02bf0cc9641abaa4a97c6cb89139c495, type: 3}
--- !u!1 &1337264466
GameObject:
  m_ObjectHideFlags: 0
  m_PrefabParentObject: {fileID: 0}
  m_PrefabInternal: {fileID: 0}
  serializedVersion: 4
  m_Component:
  - 4: {fileID: 1337264467}
  - 20: {fileID: 1337264471}
  - 92: {fileID: 1337264470}
  - 124: {fileID: 1337264469}
  m_Layer: 0
  m_Name: Main Camera
  m_TagString: MainCamera
  m_Icon: {fileID: 0}
  m_NavMeshLayer: 0
  m_StaticEditorFlags: 0
  m_IsActive: 1
--- !u!4 &1337264467
Transform:
  m_ObjectHideFlags: 0
  m_PrefabParentObject: {fileID: 0}
  m_PrefabInternal: {fileID: 0}
  m_GameObject: {fileID: 1337264466}
  m_LocalRotation: {x: 0, y: 0, z: 0, w: 1}
  m_LocalPosition: {x: -12, y: 2, z: -25}
  m_LocalScale: {x: 1, y: 1, z: 1}
  m_Children: []
  m_Father: {fileID: 1714659944}
  m_RootOrder: 0
--- !u!124 &1337264469
Behaviour:
  m_ObjectHideFlags: 0
  m_PrefabParentObject: {fileID: 0}
  m_PrefabInternal: {fileID: 0}
  m_GameObject: {fileID: 1337264466}
  m_Enabled: 1
--- !u!92 &1337264470
Behaviour:
  m_ObjectHideFlags: 0
  m_PrefabParentObject: {fileID: 0}
  m_PrefabInternal: {fileID: 0}
  m_GameObject: {fileID: 1337264466}
  m_Enabled: 0
--- !u!20 &1337264471
Camera:
  m_ObjectHideFlags: 0
  m_PrefabParentObject: {fileID: 0}
  m_PrefabInternal: {fileID: 0}
  m_GameObject: {fileID: 1337264466}
  m_Enabled: 1
  serializedVersion: 2
  m_ClearFlags: 1
  m_BackGroundColor: {r: 0.05882353, g: 0.05882353, b: 0.078431375, a: 0.019607844}
  m_NormalizedViewPortRect:
    serializedVersion: 2
    x: 0
    y: 0
    width: 1
    height: 1
  near clip plane: 0.3
  far clip plane: 1000
  field of view: 50
  orthographic: 1
  orthographic size: 13
  m_Depth: -1
  m_CullingMask:
    serializedVersion: 2
    m_Bits: 4294967295
  m_RenderingPath: 2
  m_TargetTexture: {fileID: 0}
  m_TargetDisplay: 0
  m_TargetEye: 3
  m_HDR: 0
  m_OcclusionCulling: 0
  m_StereoConvergence: 10
  m_StereoSeparation: 0.022
  m_StereoMirrorMode: 0
--- !u!1001 &1379925495
Prefab:
  m_ObjectHideFlags: 0
  serializedVersion: 2
  m_Modification:
    m_TransformParent: {fileID: 871551155}
    m_Modifications:
    - target: {fileID: 400000, guid: a2eaf908683a26a4b9f9c135b41c427b, type: 2}
      propertyPath: m_LocalPosition.x
      value: -11.8899279
      objectReference: {fileID: 0}
    - target: {fileID: 400000, guid: a2eaf908683a26a4b9f9c135b41c427b, type: 2}
      propertyPath: m_LocalPosition.y
      value: -.33417511
      objectReference: {fileID: 0}
    - target: {fileID: 400000, guid: a2eaf908683a26a4b9f9c135b41c427b, type: 2}
      propertyPath: m_LocalPosition.z
      value: 1.7873069
      objectReference: {fileID: 0}
    - target: {fileID: 400000, guid: a2eaf908683a26a4b9f9c135b41c427b, type: 2}
      propertyPath: m_LocalRotation.x
      value: 0
      objectReference: {fileID: 0}
    - target: {fileID: 400000, guid: a2eaf908683a26a4b9f9c135b41c427b, type: 2}
      propertyPath: m_LocalRotation.y
      value: -.70710659
      objectReference: {fileID: 0}
    - target: {fileID: 400000, guid: a2eaf908683a26a4b9f9c135b41c427b, type: 2}
      propertyPath: m_LocalRotation.z
      value: 0
      objectReference: {fileID: 0}
    - target: {fileID: 400000, guid: a2eaf908683a26a4b9f9c135b41c427b, type: 2}
      propertyPath: m_LocalRotation.w
      value: -.707106948
      objectReference: {fileID: 0}
    - target: {fileID: 400000, guid: a2eaf908683a26a4b9f9c135b41c427b, type: 2}
      propertyPath: m_RootOrder
      value: 7
      objectReference: {fileID: 0}
    - target: {fileID: 13600000, guid: a2eaf908683a26a4b9f9c135b41c427b, type: 2}
      propertyPath: m_Enabled
      value: 0
      objectReference: {fileID: 0}
    - target: {fileID: 400000, guid: a2eaf908683a26a4b9f9c135b41c427b, type: 2}
      propertyPath: m_LocalScale.x
      value: 1
      objectReference: {fileID: 0}
    - target: {fileID: 400000, guid: a2eaf908683a26a4b9f9c135b41c427b, type: 2}
      propertyPath: m_LocalScale.z
      value: 1
      objectReference: {fileID: 0}
    m_RemovedComponents: []
  m_ParentPrefab: {fileID: 100100000, guid: a2eaf908683a26a4b9f9c135b41c427b, type: 2}
  m_IsPrefabParent: 0
--- !u!4 &1379925496 stripped
Transform:
  m_PrefabParentObject: {fileID: 400000, guid: a2eaf908683a26a4b9f9c135b41c427b, type: 2}
  m_PrefabInternal: {fileID: 1379925495}
--- !u!1 &1395379235
GameObject:
  m_ObjectHideFlags: 0
  m_PrefabParentObject: {fileID: 103554, guid: 42b3b2c330d9aa140a62859bcd541ef8, type: 2}
  m_PrefabInternal: {fileID: 0}
  serializedVersion: 4
  m_Component:
  - 4: {fileID: 1395379236}
  - 114: {fileID: 1395379239}
  - 114: {fileID: 1395379238}
  - 114: {fileID: 1395379237}
  m_Layer: 0
  m_Name: LocalizationManager
  m_TagString: Untagged
  m_Icon: {fileID: 0}
  m_NavMeshLayer: 0
  m_StaticEditorFlags: 0
  m_IsActive: 1
--- !u!4 &1395379236
Transform:
  m_ObjectHideFlags: 0
  m_PrefabParentObject: {fileID: 409506, guid: 42b3b2c330d9aa140a62859bcd541ef8, type: 2}
  m_PrefabInternal: {fileID: 0}
  m_GameObject: {fileID: 1395379235}
  m_LocalRotation: {x: 0, y: 0, z: 0, w: 1}
  m_LocalPosition: {x: 0.36738205, y: -0.1072402, z: -0.27484798}
  m_LocalScale: {x: 1, y: 1, z: 1}
  m_Children: []
  m_Father: {fileID: 2011547133}
  m_RootOrder: 7
--- !u!114 &1395379237
MonoBehaviour:
  m_ObjectHideFlags: 0
  m_PrefabParentObject: {fileID: 11469158, guid: 42b3b2c330d9aa140a62859bcd541ef8,
    type: 2}
  m_PrefabInternal: {fileID: 0}
  m_GameObject: {fileID: 1395379235}
  m_Enabled: 1
  m_EditorHideFlags: 0
  m_Script: {fileID: 11500000, guid: 680cfa66dfaa3e14d9e6d6fc87d8c2fb, type: 3}
  m_Name: 
  m_EditorClassIdentifier: 
--- !u!114 &1395379238
MonoBehaviour:
  m_ObjectHideFlags: 0
  m_PrefabParentObject: {fileID: 11404752, guid: 42b3b2c330d9aa140a62859bcd541ef8,
    type: 2}
  m_PrefabInternal: {fileID: 0}
  m_GameObject: {fileID: 1395379235}
  m_Enabled: 1
  m_EditorHideFlags: 0
  m_Script: {fileID: 11500000, guid: 96e0c376adf3d0d4abc3e698e0ca2d85, type: 3}
  m_Name: 
  m_EditorClassIdentifier: 
  delimiter: ;
  filename: MTDLanguagesv2
--- !u!114 &1395379239
MonoBehaviour:
  m_ObjectHideFlags: 0
  m_PrefabParentObject: {fileID: 11492986, guid: 42b3b2c330d9aa140a62859bcd541ef8,
    type: 2}
  m_PrefabInternal: {fileID: 0}
  m_GameObject: {fileID: 1395379235}
  m_Enabled: 1
  m_EditorHideFlags: 0
  m_Script: {fileID: 11500000, guid: 060b630597964e541a5bf2aa4a9cf440, type: 3}
  m_Name: 
  m_EditorClassIdentifier: 
  Language: ru
  Format: 1
--- !u!1 &1452856424
GameObject:
  m_ObjectHideFlags: 0
  m_PrefabParentObject: {fileID: 0}
  m_PrefabInternal: {fileID: 0}
  serializedVersion: 4
  m_Component:
  - 4: {fileID: 1452856425}
  m_Layer: 0
  m_Name: waypoint3
  m_TagString: Untagged
  m_Icon: {fileID: 1182211791, guid: 0000000000000000d000000000000000, type: 0}
  m_NavMeshLayer: 0
  m_StaticEditorFlags: 0
  m_IsActive: 1
--- !u!4 &1452856425
Transform:
  m_ObjectHideFlags: 0
  m_PrefabParentObject: {fileID: 0}
  m_PrefabInternal: {fileID: 0}
  m_GameObject: {fileID: 1452856424}
  m_LocalRotation: {x: 0, y: 0, z: 0, w: 1}
  m_LocalPosition: {x: 3.36, y: 0, z: 6.28}
  m_LocalScale: {x: 1, y: 1, z: 1}
  m_Children: []
  m_Father: {fileID: 890438061}
  m_RootOrder: 2
--- !u!1 &1514514902
GameObject:
  m_ObjectHideFlags: 0
  m_PrefabParentObject: {fileID: 0}
  m_PrefabInternal: {fileID: 0}
  serializedVersion: 4
  m_Component:
  - 4: {fileID: 1514514906}
  - 114: {fileID: 1514514905}
  - 114: {fileID: 1514514904}
  - 81: {fileID: 1514514903}
  m_Layer: 0
  m_Name: PlayerInfoForDebug
  m_TagString: PlayerInfo
  m_Icon: {fileID: 0}
  m_NavMeshLayer: 0
  m_StaticEditorFlags: 0
  m_IsActive: 1
--- !u!81 &1514514903
AudioListener:
  m_ObjectHideFlags: 0
  m_PrefabParentObject: {fileID: 0}
  m_PrefabInternal: {fileID: 0}
  m_GameObject: {fileID: 1514514902}
  m_Enabled: 1
--- !u!114 &1514514904
MonoBehaviour:
  m_ObjectHideFlags: 0
  m_PrefabParentObject: {fileID: 0}
  m_PrefabInternal: {fileID: 0}
  m_GameObject: {fileID: 1514514902}
  m_Enabled: 1
  m_EditorHideFlags: 0
  m_Script: {fileID: 11500000, guid: 29167140b88fff440bdd07411972fd1a, type: 3}
  m_Name: 
  m_EditorClassIdentifier: 
--- !u!114 &1514514905
MonoBehaviour:
  m_ObjectHideFlags: 0
  m_PrefabParentObject: {fileID: 0}
  m_PrefabInternal: {fileID: 0}
  m_GameObject: {fileID: 1514514902}
  m_Enabled: 1
  m_EditorHideFlags: 0
  m_Script: {fileID: 11500000, guid: 359592237ff0b6a4db5b8823a972f524, type: 3}
  m_Name: 
  m_EditorClassIdentifier: 
  Times: 0
  DataFake: "{\"request_data\":{\"domain\":\"https:\\/\\/td-stage.kim-games.ru\"},\"vk_user\":{\"name\":\"\u041D\u0435\u0438\u0437\u0432\u0435\u0441\u0442\u043D\u044B\u0439
    \u043F\u043E\u043B\u044C\u0437\u043E\u0432\u0430\u0442\u0435\u043B\u044C\",\"ava\":\"\"},\"user_info\":{\"Crystals\":100,\"Gold\":10,\"Energy\":[10,0],\"Levels\":[],\"PurchasedUpgradesIDs\":[],\"settings\":{\"quality\":5,\"quality_by_user\":0,\"music_on\":1,\"sound_on\":1},\"locations\":[],\"daily_bonus\":0,\"daily_bonus_ttl\":9149,\"available_help_friends\":0,\"chests\":[],\"towers\":{\"1740\":{\"id\":1740,\"exp\":2,\"selected\":0,\"name\":\"\u041B\u0435\u0433\u0435\u043D\u0434\u0430\u0440\u043D\u0430\u044F
    \u0422\u044F\u0436\u0435\u043B\u0430\u044F \u043F\u0443\u0448\u043A\u0430\",\"card_level\":1,\"rarity\":1,\"type\":4,\"properties\":{\"13\":[1,4]},\"set_properties\":[],\"set_id\":0,\"legendary_id\":0,\"settings\":[{\"price\":4,\"dmg\":[16,24],\"range\":7,\"speed\":0.5}]},\"1739\":{\"id\":1739,\"exp\":2,\"selected\":0,\"name\":\"\u041B\u0435\u0433\u0435\u043D\u0434\u0430\u0440\u043D\u0430\u044F
    \u041F\u0443\u043B\u0435\u043C\u0435\u0442\",\"card_level\":1,\"rarity\":1,\"type\":1,\"properties\":[],\"set_properties\":[],\"set_id\":0,\"legendary_id\":0,\"settings\":[{\"price\":4,\"dmg\":[7,11],\"range\":8,\"speed\":1}]}},\"max_great_adv_level\":31},\"buy_conf\":{\"crystals\":[{\"item\":\"crystal_1\",\"count\":500,\"price\":\"1
    \u0433\u043E\u043B\u043E\u0441\"},{\"item\":\"crystal_2\",\"count\":1000,\"price\":\"2
    \u0433\u043E\u043B\u043E\u0441\u0430\"},{\"item\":\"crystal_3\",\"count\":3000,\"price\":\"3
    \u0433\u043E\u043B\u043E\u0441\u0430\"}],\"locations\":{\"2\":{\"item\":\"location_2\",\"price\":\"3
    \u0433\u043E\u043B\u043E\u0441\u0430\"}}}}"
--- !u!4 &1514514906
Transform:
  m_ObjectHideFlags: 0
  m_PrefabParentObject: {fileID: 0}
  m_PrefabInternal: {fileID: 0}
  m_GameObject: {fileID: 1514514902}
  m_LocalRotation: {x: 0, y: 0, z: 0, w: 1}
  m_LocalPosition: {x: 0, y: 0, z: 0}
  m_LocalScale: {x: 1, y: 1, z: 1}
  m_Children: []
  m_Father: {fileID: 0}
  m_RootOrder: 1
--- !u!1001 &1582493253
Prefab:
  m_ObjectHideFlags: 0
  serializedVersion: 2
  m_Modification:
    m_TransformParent: {fileID: 871551155}
    m_Modifications:
    - target: {fileID: 400000, guid: a2eaf908683a26a4b9f9c135b41c427b, type: 2}
      propertyPath: m_LocalPosition.x
      value: -18.5992069
      objectReference: {fileID: 0}
    - target: {fileID: 400000, guid: a2eaf908683a26a4b9f9c135b41c427b, type: 2}
      propertyPath: m_LocalPosition.y
      value: -.33417505
      objectReference: {fileID: 0}
    - target: {fileID: 400000, guid: a2eaf908683a26a4b9f9c135b41c427b, type: 2}
      propertyPath: m_LocalPosition.z
      value: 6.09757519
      objectReference: {fileID: 0}
    - target: {fileID: 400000, guid: a2eaf908683a26a4b9f9c135b41c427b, type: 2}
      propertyPath: m_LocalRotation.x
      value: 0
      objectReference: {fileID: 0}
    - target: {fileID: 400000, guid: a2eaf908683a26a4b9f9c135b41c427b, type: 2}
      propertyPath: m_LocalRotation.y
      value: -.70710659
      objectReference: {fileID: 0}
    - target: {fileID: 400000, guid: a2eaf908683a26a4b9f9c135b41c427b, type: 2}
      propertyPath: m_LocalRotation.z
      value: 0
      objectReference: {fileID: 0}
    - target: {fileID: 400000, guid: a2eaf908683a26a4b9f9c135b41c427b, type: 2}
      propertyPath: m_LocalRotation.w
      value: -.707106948
      objectReference: {fileID: 0}
    - target: {fileID: 400000, guid: a2eaf908683a26a4b9f9c135b41c427b, type: 2}
      propertyPath: m_RootOrder
      value: 8
      objectReference: {fileID: 0}
    - target: {fileID: 100000, guid: a2eaf908683a26a4b9f9c135b41c427b, type: 2}
      propertyPath: m_Name
      value: Tree_conf2 (1)
      objectReference: {fileID: 0}
    - target: {fileID: 13600000, guid: a2eaf908683a26a4b9f9c135b41c427b, type: 2}
      propertyPath: m_Enabled
      value: 0
      objectReference: {fileID: 0}
    - target: {fileID: 400000, guid: a2eaf908683a26a4b9f9c135b41c427b, type: 2}
      propertyPath: m_LocalScale.x
      value: 1
      objectReference: {fileID: 0}
    - target: {fileID: 400000, guid: a2eaf908683a26a4b9f9c135b41c427b, type: 2}
      propertyPath: m_LocalScale.z
      value: 1
      objectReference: {fileID: 0}
    m_RemovedComponents: []
  m_ParentPrefab: {fileID: 100100000, guid: a2eaf908683a26a4b9f9c135b41c427b, type: 2}
  m_IsPrefabParent: 0
--- !u!4 &1582493254 stripped
Transform:
  m_PrefabParentObject: {fileID: 400000, guid: a2eaf908683a26a4b9f9c135b41c427b, type: 2}
  m_PrefabInternal: {fileID: 1582493253}
--- !u!4 &1608391500 stripped
Transform:
  m_PrefabParentObject: {fileID: 400000, guid: ac946f27c352a1c4f88c9af8dffe7582, type: 2}
  m_PrefabInternal: {fileID: 1247791391}
--- !u!1 &1646304326
GameObject:
  m_ObjectHideFlags: 0
  m_PrefabParentObject: {fileID: 105420, guid: 42b3b2c330d9aa140a62859bcd541ef8, type: 2}
  m_PrefabInternal: {fileID: 0}
  serializedVersion: 4
  m_Component:
  - 4: {fileID: 1646304327}
  - 114: {fileID: 1646304328}
  m_Layer: 0
  m_Name: TowerTargetManager
  m_TagString: Untagged
  m_Icon: {fileID: 0}
  m_NavMeshLayer: 0
  m_StaticEditorFlags: 0
  m_IsActive: 1
--- !u!4 &1646304327
Transform:
  m_ObjectHideFlags: 0
  m_PrefabParentObject: {fileID: 429492, guid: 42b3b2c330d9aa140a62859bcd541ef8, type: 2}
  m_PrefabInternal: {fileID: 0}
  m_GameObject: {fileID: 1646304326}
  m_LocalRotation: {x: 0, y: 0, z: 0, w: 1}
  m_LocalPosition: {x: -5.2530537, y: 0.8229046, z: -6.8624825}
  m_LocalScale: {x: 1, y: 1, z: 1}
  m_Children: []
  m_Father: {fileID: 2011547133}
  m_RootOrder: 0
--- !u!114 &1646304328
MonoBehaviour:
  m_ObjectHideFlags: 0
  m_PrefabParentObject: {fileID: 11465272, guid: 42b3b2c330d9aa140a62859bcd541ef8,
    type: 2}
  m_PrefabInternal: {fileID: 0}
  m_GameObject: {fileID: 1646304326}
  m_Enabled: 1
  m_EditorHideFlags: 0
  m_Script: {fileID: 11500000, guid: 1a31f77a11dc45e4cbfc327051ea8fb6, type: 3}
  m_Name: 
  m_EditorClassIdentifier: 
  TowersTargets:
  - Tower:
    - {fileID: 11415142, guid: 137d1a07a463fb34c99edc47c09ad87a, type: 2}
    - {fileID: 11410604, guid: e2d7cea9956a2da4886cf4d21d694317, type: 2}
    - {fileID: 11444800, guid: 1b8e7632010ce7c47b756f7dc5c95e9a, type: 2}
    Targets:
    - TargetUnit: {fileID: 11420022, guid: 56489d6e83ebec441a55712bcfc03478, type: 2}
      Priority: 3
    - TargetUnit: {fileID: 11473330, guid: ea24eb51c0e0cc249b518b74cf51bd42, type: 2}
      Priority: 1
    - TargetUnit: {fileID: 11476620, guid: 5f882515d97f33e4fa6e38bd7f8cfb05, type: 2}
      Priority: 1
    - TargetUnit: {fileID: 11447014, guid: 8635e3670883c004cb6522de22ab1c96, type: 2}
      Priority: 2
    - TargetUnit: {fileID: 11444812, guid: 9cc201aa255ccfc4e9731d4515ef5952, type: 2}
      Priority: 2
    - TargetUnit: {fileID: 11482418, guid: 7b66dc160fad64b4ea63835ab91c385b, type: 2}
      Priority: 4
    - TargetUnit: {fileID: 11414820, guid: 95090b477cda229468fb928fa622a995, type: 2}
      Priority: 2
    - TargetUnit: {fileID: 11494428, guid: a44e9c5b7e33a664cb215978373d1268, type: 2}
      Priority: 4
--- !u!1 &1714659943
GameObject:
  m_ObjectHideFlags: 0
  m_PrefabParentObject: {fileID: 0}
  m_PrefabInternal: {fileID: 0}
  serializedVersion: 4
  m_Component:
  - 4: {fileID: 1714659944}
  - 114: {fileID: 1714659945}
  m_Layer: 0
  m_Name: Camera
  m_TagString: Untagged
  m_Icon: {fileID: 0}
  m_NavMeshLayer: 0
  m_StaticEditorFlags: 0
  m_IsActive: 1
--- !u!4 &1714659944
Transform:
  m_ObjectHideFlags: 0
  m_PrefabParentObject: {fileID: 0}
  m_PrefabInternal: {fileID: 0}
  m_GameObject: {fileID: 1714659943}
  m_LocalRotation: {x: 0.50000006, y: 0, z: 0, w: 0.8660254}
  m_LocalPosition: {x: 12.193191, y: 17.40625, z: -12.474766}
  m_LocalScale: {x: 1, y: 1, z: 1}
  m_Children:
  - {fileID: 1337264467}
  m_Father: {fileID: 1068470330}
  m_RootOrder: 2
--- !u!114 &1714659945
MonoBehaviour:
  m_ObjectHideFlags: 0
  m_PrefabParentObject: {fileID: 0}
  m_PrefabInternal: {fileID: 0}
  m_GameObject: {fileID: 1714659943}
  m_Enabled: 1
  m_EditorHideFlags: 0
  m_Script: {fileID: 11500000, guid: 44d2d2254ec48fe4b8fd638c45871521, type: 3}
  m_Name: 
  m_EditorClassIdentifier: 
  camT: {fileID: 1337264467}
  panSpeed: 8
  zoomSpeed: 8
  enableMouseZoom: 1
  enableMouseRotate: 0
  enableMousePanning: 0
  enableKeyPanning: 0
  mousePanningZoneWidth: 10
  enableTouchPan: 1
  enableTouchZoom: 1
  enableTouchRotate: 0
  rotationSpeed: 1
  minPosX: 0
  maxPosX: 5
  minPosZ: -16
  maxPosZ: -12
  minZoomDistance: 12
  maxZoomDistance: 15
  minRotateAngle: 10
  maxRotateAngle: 89
  inertiaDuration: 1
  moveSensitivityX: 1
  moveSensitivityY: 1
  updateZoomSensitivity: 1
  invertMoveX: 0
  invertMoveY: 0
  orthoZoomSpeed: 0.05
  avoidClipping: 0
  showGizmo: 0
--- !u!4 &1719138877 stripped
Transform:
  m_PrefabParentObject: {fileID: 400000, guid: ce127f0be8e4d074082e4541e0e52255, type: 3}
  m_PrefabInternal: {fileID: 1122433030}
--- !u!1 &1743158975
GameObject:
  m_ObjectHideFlags: 0
  m_PrefabParentObject: {fileID: 127784, guid: 42b3b2c330d9aa140a62859bcd541ef8, type: 2}
  m_PrefabInternal: {fileID: 0}
  serializedVersion: 4
  m_Component:
  - 4: {fileID: 1743158976}
  - 114: {fileID: 1743158977}
  m_Layer: 0
  m_Name: AutoQualityChanger
  m_TagString: Untagged
  m_Icon: {fileID: 0}
  m_NavMeshLayer: 0
  m_StaticEditorFlags: 0
  m_IsActive: 1
--- !u!4 &1743158976
Transform:
  m_ObjectHideFlags: 0
  m_PrefabParentObject: {fileID: 448352, guid: 42b3b2c330d9aa140a62859bcd541ef8, type: 2}
  m_PrefabInternal: {fileID: 0}
  m_GameObject: {fileID: 1743158975}
  m_LocalRotation: {x: 0, y: 0, z: 0, w: 1}
  m_LocalPosition: {x: 15.823837, y: -26.047758, z: -40.100376}
  m_LocalScale: {x: 1, y: 1, z: 1}
  m_Children: []
  m_Father: {fileID: 2011547133}
  m_RootOrder: 5
--- !u!114 &1743158977
MonoBehaviour:
  m_ObjectHideFlags: 0
  m_PrefabParentObject: {fileID: 11456552, guid: 42b3b2c330d9aa140a62859bcd541ef8,
    type: 2}
  m_PrefabInternal: {fileID: 0}
  m_GameObject: {fileID: 1743158975}
  m_Enabled: 1
  m_EditorHideFlags: 0
  m_Script: {fileID: 11500000, guid: 31fd43de331dcd046bac5009cf0b88af, type: 3}
  m_Name: 
  m_EditorClassIdentifier: 
  FPSLimit: 35
--- !u!1 &1802679869
GameObject:
  m_ObjectHideFlags: 0
  m_PrefabParentObject: {fileID: 0}
  m_PrefabInternal: {fileID: 0}
  serializedVersion: 4
  m_Component:
  - 4: {fileID: 1802679870}
  - 33: {fileID: 1802679874}
  - 23: {fileID: 1802679873}
  - 65: {fileID: 1802679872}
  - 114: {fileID: 1802679871}
  m_Layer: 27
  m_Name: PlatformTD (2)
  m_TagString: Untagged
  m_Icon: {fileID: 0}
  m_NavMeshLayer: 0
  m_StaticEditorFlags: 0
  m_IsActive: 1
--- !u!4 &1802679870
Transform:
  m_ObjectHideFlags: 0
  m_PrefabParentObject: {fileID: 0}
  m_PrefabInternal: {fileID: 0}
  m_GameObject: {fileID: 1802679869}
  m_LocalRotation: {x: 0, y: 0, z: 0, w: 1}
  m_LocalPosition: {x: -12.5, y: 0, z: -1.34}
  m_LocalScale: {x: 3, y: 1, z: 3}
  m_Children: []
  m_Father: {fileID: 2017185659}
  m_RootOrder: 2
--- !u!114 &1802679871
MonoBehaviour:
  m_ObjectHideFlags: 0
  m_PrefabParentObject: {fileID: 0}
  m_PrefabInternal: {fileID: 0}
  m_GameObject: {fileID: 1802679869}
  m_Enabled: 1
  m_EditorHideFlags: 0
  m_Script: {fileID: 11500000, guid: cc1a5dd9778d24b79a7c2f0288653b43, type: 3}
  m_Name: 
  m_EditorClassIdentifier: 
  availableTowerIDList: 
  subPathList: []
  thisObj: {fileID: 0}
  thisT: {fileID: 0}
  GizmoShowNodes: 1
--- !u!65 &1802679872
BoxCollider:
  m_ObjectHideFlags: 0
  m_PrefabParentObject: {fileID: 0}
  m_PrefabInternal: {fileID: 0}
  m_GameObject: {fileID: 1802679869}
  m_Material: {fileID: 0}
  m_IsTrigger: 0
  m_Enabled: 1
  serializedVersion: 2
  m_Size: {x: 1, y: 0.000002, z: 1}
  m_Center: {x: 0, y: 0, z: 0}
--- !u!23 &1802679873
MeshRenderer:
  m_ObjectHideFlags: 0
  m_PrefabParentObject: {fileID: 0}
  m_PrefabInternal: {fileID: 0}
  m_GameObject: {fileID: 1802679869}
  m_Enabled: 1
  m_CastShadows: 0
  m_ReceiveShadows: 1
  m_Materials:
  - {fileID: 2100000, guid: 238e45c68016d3242a11ddb4c255a31e, type: 2}
  m_SubsetIndices: 
  m_StaticBatchRoot: {fileID: 0}
  m_UseLightProbes: 0
  m_ReflectionProbeUsage: 1
  m_ProbeAnchor: {fileID: 0}
  m_ScaleInLightmap: 1
  m_PreserveUVs: 0
  m_IgnoreNormalsForChartDetection: 0
  m_ImportantGI: 0
  m_MinimumChartSize: 4
  m_AutoUVMaxDistance: 0.5
  m_AutoUVMaxAngle: 89
  m_LightmapParameters: {fileID: 0}
  m_SortingLayerID: 0
  m_SortingOrder: 0
--- !u!33 &1802679874
MeshFilter:
  m_ObjectHideFlags: 0
  m_PrefabParentObject: {fileID: 0}
  m_PrefabInternal: {fileID: 0}
  m_GameObject: {fileID: 1802679869}
  m_Mesh: {fileID: 4300000, guid: 02bf0cc9641abaa4a97c6cb89139c495, type: 3}
--- !u!4 &1809166076 stripped
Transform:
  m_PrefabParentObject: {fileID: 400000, guid: 585fe30591bd55043b59bc9d87f7c055, type: 3}
  m_PrefabInternal: {fileID: 132554407}
--- !u!1001 &1828962099
Prefab:
  m_ObjectHideFlags: 0
  serializedVersion: 2
  m_Modification:
    m_TransformParent: {fileID: 871551155}
    m_Modifications:
    - target: {fileID: 400000, guid: 75f9838fda71f3e4b856da3eb156f8c4, type: 2}
      propertyPath: m_LocalPosition.x
      value: -10.5483093
      objectReference: {fileID: 0}
    - target: {fileID: 400000, guid: 75f9838fda71f3e4b856da3eb156f8c4, type: 2}
      propertyPath: m_LocalPosition.y
      value: -.33417511
      objectReference: {fileID: 0}
    - target: {fileID: 400000, guid: 75f9838fda71f3e4b856da3eb156f8c4, type: 2}
      propertyPath: m_LocalPosition.z
      value: 7.53434324
      objectReference: {fileID: 0}
    - target: {fileID: 400000, guid: 75f9838fda71f3e4b856da3eb156f8c4, type: 2}
      propertyPath: m_LocalRotation.x
      value: 0
      objectReference: {fileID: 0}
    - target: {fileID: 400000, guid: 75f9838fda71f3e4b856da3eb156f8c4, type: 2}
      propertyPath: m_LocalRotation.y
      value: -.70710659
      objectReference: {fileID: 0}
    - target: {fileID: 400000, guid: 75f9838fda71f3e4b856da3eb156f8c4, type: 2}
      propertyPath: m_LocalRotation.z
      value: 0
      objectReference: {fileID: 0}
    - target: {fileID: 400000, guid: 75f9838fda71f3e4b856da3eb156f8c4, type: 2}
      propertyPath: m_LocalRotation.w
      value: -.707106948
      objectReference: {fileID: 0}
    - target: {fileID: 400000, guid: 75f9838fda71f3e4b856da3eb156f8c4, type: 2}
      propertyPath: m_RootOrder
      value: 9
      objectReference: {fileID: 0}
    - target: {fileID: 100000, guid: 75f9838fda71f3e4b856da3eb156f8c4, type: 2}
      propertyPath: m_Name
      value: Tree_conf1 (1)
      objectReference: {fileID: 0}
    - target: {fileID: 13600000, guid: 75f9838fda71f3e4b856da3eb156f8c4, type: 2}
      propertyPath: m_Enabled
      value: 0
      objectReference: {fileID: 0}
    - target: {fileID: 400000, guid: 75f9838fda71f3e4b856da3eb156f8c4, type: 2}
      propertyPath: m_LocalScale.x
      value: 1.86882925
      objectReference: {fileID: 0}
    - target: {fileID: 400000, guid: 75f9838fda71f3e4b856da3eb156f8c4, type: 2}
      propertyPath: m_LocalScale.z
      value: 1.86882925
      objectReference: {fileID: 0}
    m_RemovedComponents: []
  m_ParentPrefab: {fileID: 100100000, guid: 75f9838fda71f3e4b856da3eb156f8c4, type: 2}
  m_IsPrefabParent: 0
--- !u!4 &1828962100 stripped
Transform:
  m_PrefabParentObject: {fileID: 400000, guid: 75f9838fda71f3e4b856da3eb156f8c4, type: 2}
  m_PrefabInternal: {fileID: 1828962099}
--- !u!1 &1843632099
GameObject:
  m_ObjectHideFlags: 0
  m_PrefabParentObject: {fileID: 0}
  m_PrefabInternal: {fileID: 0}
  serializedVersion: 4
  m_Component:
  - 4: {fileID: 1843632100}
  m_Layer: 0
  m_Name: waypoint1
  m_TagString: Untagged
  m_Icon: {fileID: 1182211791, guid: 0000000000000000d000000000000000, type: 0}
  m_NavMeshLayer: 0
  m_StaticEditorFlags: 0
  m_IsActive: 1
--- !u!4 &1843632100
Transform:
  m_ObjectHideFlags: 0
  m_PrefabParentObject: {fileID: 0}
  m_PrefabInternal: {fileID: 0}
  m_GameObject: {fileID: 1843632099}
  m_LocalRotation: {x: 0, y: 0, z: 0, w: 1}
  m_LocalPosition: {x: -17.98, y: 0, z: -0.7}
  m_LocalScale: {x: 1, y: 1, z: 1}
  m_Children: []
  m_Father: {fileID: 890438061}
  m_RootOrder: 0
--- !u!4 &1898674232 stripped
Transform:
  m_PrefabParentObject: {fileID: 400002, guid: aec4b6cc044aa71459b4c4f9172e0b19, type: 3}
  m_PrefabInternal: {fileID: 445882328}
--- !u!1001 &1940877373
Prefab:
  m_ObjectHideFlags: 0
  serializedVersion: 2
  m_Modification:
    m_TransformParent: {fileID: 871551155}
    m_Modifications:
    - target: {fileID: 400000, guid: 7e6f85fbc48363a4db72438c47d4b75a, type: 2}
      propertyPath: m_LocalPosition.x
      value: -17.8770103
      objectReference: {fileID: 0}
    - target: {fileID: 400000, guid: 7e6f85fbc48363a4db72438c47d4b75a, type: 2}
      propertyPath: m_LocalPosition.y
      value: -.33417505
      objectReference: {fileID: 0}
    - target: {fileID: 400000, guid: 7e6f85fbc48363a4db72438c47d4b75a, type: 2}
      propertyPath: m_LocalPosition.z
      value: -3.91483283
      objectReference: {fileID: 0}
    - target: {fileID: 400000, guid: 7e6f85fbc48363a4db72438c47d4b75a, type: 2}
      propertyPath: m_LocalRotation.x
      value: 0
      objectReference: {fileID: 0}
    - target: {fileID: 400000, guid: 7e6f85fbc48363a4db72438c47d4b75a, type: 2}
      propertyPath: m_LocalRotation.y
      value: -.774379909
      objectReference: {fileID: 0}
    - target: {fileID: 400000, guid: 7e6f85fbc48363a4db72438c47d4b75a, type: 2}
      propertyPath: m_LocalRotation.z
      value: 0
      objectReference: {fileID: 0}
    - target: {fileID: 400000, guid: 7e6f85fbc48363a4db72438c47d4b75a, type: 2}
      propertyPath: m_LocalRotation.w
      value: .632721007
      objectReference: {fileID: 0}
    - target: {fileID: 400000, guid: 7e6f85fbc48363a4db72438c47d4b75a, type: 2}
      propertyPath: m_RootOrder
      value: 10
      objectReference: {fileID: 0}
    - target: {fileID: 400000, guid: 7e6f85fbc48363a4db72438c47d4b75a, type: 2}
      propertyPath: m_LocalScale.x
      value: 1
      objectReference: {fileID: 0}
    - target: {fileID: 400000, guid: 7e6f85fbc48363a4db72438c47d4b75a, type: 2}
      propertyPath: m_LocalScale.z
      value: 1
      objectReference: {fileID: 0}
    m_RemovedComponents: []
  m_ParentPrefab: {fileID: 100100000, guid: 7e6f85fbc48363a4db72438c47d4b75a, type: 2}
  m_IsPrefabParent: 0
--- !u!4 &1940877374 stripped
Transform:
  m_PrefabParentObject: {fileID: 400000, guid: 7e6f85fbc48363a4db72438c47d4b75a, type: 2}
  m_PrefabInternal: {fileID: 1940877373}
--- !u!1 &1945381205
GameObject:
  m_ObjectHideFlags: 0
  m_PrefabParentObject: {fileID: 0}
  m_PrefabInternal: {fileID: 0}
  serializedVersion: 4
  m_Component:
  - 4: {fileID: 1945381206}
  m_Layer: 0
  m_Name: waypoint7
  m_TagString: Untagged
  m_Icon: {fileID: 1182211791, guid: 0000000000000000d000000000000000, type: 0}
  m_NavMeshLayer: 0
  m_StaticEditorFlags: 0
  m_IsActive: 1
--- !u!4 &1945381206
Transform:
  m_ObjectHideFlags: 0
  m_PrefabParentObject: {fileID: 0}
  m_PrefabInternal: {fileID: 0}
  m_GameObject: {fileID: 1945381205}
  m_LocalRotation: {x: 0, y: 0, z: 0, w: 1}
  m_LocalPosition: {x: 20.36, y: 0, z: -0.28}
  m_LocalScale: {x: 1, y: 1, z: 1}
  m_Children: []
  m_Father: {fileID: 890438061}
  m_RootOrder: 6
--- !u!1 &2011547132
GameObject:
  m_ObjectHideFlags: 0
  m_PrefabParentObject: {fileID: 115826, guid: 42b3b2c330d9aa140a62859bcd541ef8, type: 2}
  m_PrefabInternal: {fileID: 0}
  serializedVersion: 4
  m_Component:
  - 4: {fileID: 2011547133}
  m_Layer: 0
  m_Name: stuff (1)
  m_TagString: Untagged
  m_Icon: {fileID: 0}
  m_NavMeshLayer: 0
  m_StaticEditorFlags: 0
  m_IsActive: 1
--- !u!4 &2011547133
Transform:
  m_ObjectHideFlags: 0
  m_PrefabParentObject: {fileID: 495692, guid: 42b3b2c330d9aa140a62859bcd541ef8, type: 2}
  m_PrefabInternal: {fileID: 0}
  m_GameObject: {fileID: 2011547132}
  m_LocalRotation: {x: 0, y: 0, z: 0, w: 1}
  m_LocalPosition: {x: 0, y: 0, z: 0}
  m_LocalScale: {x: 1, y: 1, z: 1}
  m_Children:
  - {fileID: 1646304327}
  - {fileID: 912727988}
  - {fileID: 615878108}
  - {fileID: 904596254}
  - {fileID: 695342595}
  - {fileID: 1743158976}
  - {fileID: 1056278201}
  - {fileID: 1395379236}
  - {fileID: 619529984}
  m_Father: {fileID: 0}
  m_RootOrder: 2
--- !u!1 &2017185658
GameObject:
  m_ObjectHideFlags: 0
  m_PrefabParentObject: {fileID: 0}
  m_PrefabInternal: {fileID: 0}
  serializedVersion: 4
  m_Component:
  - 4: {fileID: 2017185659}
  - 114: {fileID: 2017185660}
  m_Layer: 0
  m_Name: BuildManager
  m_TagString: Untagged
  m_Icon: {fileID: 0}
  m_NavMeshLayer: 0
  m_StaticEditorFlags: 0
  m_IsActive: 1
--- !u!4 &2017185659
Transform:
  m_ObjectHideFlags: 0
  m_PrefabParentObject: {fileID: 0}
  m_PrefabInternal: {fileID: 0}
  m_GameObject: {fileID: 2017185658}
  m_LocalRotation: {x: 0, y: 0, z: 0, w: 1}
  m_LocalPosition: {x: 9.79319, y: 0.40625, z: 1.8652344}
  m_LocalScale: {x: 1, y: 1, z: 1}
  m_Children:
  - {fileID: 1152399209}
  - {fileID: 265858156}
  - {fileID: 1802679870}
  - {fileID: 1123133228}
  - {fileID: 1328280945}
  m_Father: {fileID: 1068470330}
  m_RootOrder: 4
--- !u!114 &2017185660
MonoBehaviour:
  m_ObjectHideFlags: 0
  m_PrefabParentObject: {fileID: 0}
  m_PrefabInternal: {fileID: 0}
  m_GameObject: {fileID: 2017185658}
  m_Enabled: 1
  m_EditorHideFlags: 0
  m_Script: {fileID: 11500000, guid: 4bbb23c426a1f4e81846e3526132efa9, type: 3}
  m_Name: 
  m_EditorClassIdentifier: 
  unavailableTowerIDList: 
  gridSize: 3.2
  buildPlatforms: []
  AutoAdjustTextureToGrid: 0
  cursorIndicatorMode: 0
  autoSearchForPlatform: 1
  indicatorBuildPoint: {fileID: 100002, guid: d159b68799ee1724d95b79906077edfa, type: 2}
  indicatorCursor: {fileID: 100002, guid: d159b68799ee1724d95b79906077edfa, type: 2}
--- !u!1001 &2043835342
Prefab:
  m_ObjectHideFlags: 0
  serializedVersion: 2
  m_Modification:
    m_TransformParent: {fileID: 871551155}
    m_Modifications:
    - target: {fileID: 400000, guid: 9297b1049cbce5e40ae1a0312ee02eb3, type: 2}
      propertyPath: m_LocalPosition.x
      value: 3.439996
      objectReference: {fileID: 0}
    - target: {fileID: 400000, guid: 9297b1049cbce5e40ae1a0312ee02eb3, type: 2}
      propertyPath: m_LocalPosition.y
      value: -.33417505
      objectReference: {fileID: 0}
    - target: {fileID: 400000, guid: 9297b1049cbce5e40ae1a0312ee02eb3, type: 2}
      propertyPath: m_LocalPosition.z
      value: 6.10000181
      objectReference: {fileID: 0}
    - target: {fileID: 400000, guid: 9297b1049cbce5e40ae1a0312ee02eb3, type: 2}
      propertyPath: m_LocalRotation.x
      value: 0
      objectReference: {fileID: 0}
    - target: {fileID: 400000, guid: 9297b1049cbce5e40ae1a0312ee02eb3, type: 2}
      propertyPath: m_LocalRotation.y
      value: -.70710659
      objectReference: {fileID: 0}
    - target: {fileID: 400000, guid: 9297b1049cbce5e40ae1a0312ee02eb3, type: 2}
      propertyPath: m_LocalRotation.z
      value: 0
      objectReference: {fileID: 0}
    - target: {fileID: 400000, guid: 9297b1049cbce5e40ae1a0312ee02eb3, type: 2}
      propertyPath: m_LocalRotation.w
      value: -.707106948
      objectReference: {fileID: 0}
    - target: {fileID: 400000, guid: 9297b1049cbce5e40ae1a0312ee02eb3, type: 2}
      propertyPath: m_RootOrder
      value: 11
      objectReference: {fileID: 0}
    - target: {fileID: 13600000, guid: 9297b1049cbce5e40ae1a0312ee02eb3, type: 2}
      propertyPath: m_Enabled
      value: 0
      objectReference: {fileID: 0}
    - target: {fileID: 400000, guid: 9297b1049cbce5e40ae1a0312ee02eb3, type: 2}
      propertyPath: m_LocalScale.x
      value: 1
      objectReference: {fileID: 0}
    - target: {fileID: 400000, guid: 9297b1049cbce5e40ae1a0312ee02eb3, type: 2}
      propertyPath: m_LocalScale.z
      value: 1
      objectReference: {fileID: 0}
    m_RemovedComponents: []
  m_ParentPrefab: {fileID: 100100000, guid: 9297b1049cbce5e40ae1a0312ee02eb3, type: 2}
  m_IsPrefabParent: 0
--- !u!4 &2043835343 stripped
Transform:
  m_PrefabParentObject: {fileID: 400000, guid: 9297b1049cbce5e40ae1a0312ee02eb3, type: 2}
  m_PrefabInternal: {fileID: 2043835342}
