%YAML 1.1
%TAG !u! tag:unity3d.com,2011:
--- !u!1 &104058
GameObject:
  m_ObjectHideFlags: 1
  m_PrefabParentObject: {fileID: 0}
  m_PrefabInternal: {fileID: 100100000}
  serializedVersion: 4
  m_Component:
  - 4: {fileID: 484526}
  m_Layer: 0
  m_Name: Bip01 Pelvis
  m_TagString: Untagged
  m_Icon: {fileID: 0}
  m_NavMeshLayer: 0
  m_StaticEditorFlags: 0
  m_IsActive: 1
--- !u!1 &104780
GameObject:
  m_ObjectHideFlags: 1
  m_PrefabParentObject: {fileID: 0}
  m_PrefabInternal: {fileID: 100100000}
  serializedVersion: 4
  m_Component:
  - 4: {fileID: 478344}
  m_Layer: 0
  m_Name: Bip01 L Foot
  m_TagString: Untagged
  m_Icon: {fileID: 0}
  m_NavMeshLayer: 0
  m_StaticEditorFlags: 0
  m_IsActive: 1
--- !u!1 &106658
GameObject:
  m_ObjectHideFlags: 1
  m_PrefabParentObject: {fileID: 0}
  m_PrefabInternal: {fileID: 100100000}
  serializedVersion: 4
  m_Component:
  - 4: {fileID: 427436}
  m_Layer: 0
  m_Name: Bip01 Weapon_Point_R
  m_TagString: Untagged
  m_Icon: {fileID: 0}
  m_NavMeshLayer: 0
  m_StaticEditorFlags: 0
  m_IsActive: 1
--- !u!1 &114798
GameObject:
  m_ObjectHideFlags: 1
  m_PrefabParentObject: {fileID: 0}
  m_PrefabInternal: {fileID: 100100000}
  serializedVersion: 4
  m_Component:
  - 4: {fileID: 406626}
  m_Layer: 0
  m_Name: Bip01 L Thigh
  m_TagString: Untagged
  m_Icon: {fileID: 0}
  m_NavMeshLayer: 0
  m_StaticEditorFlags: 0
  m_IsActive: 1
--- !u!1 &118786
GameObject:
  m_ObjectHideFlags: 0
  m_PrefabParentObject: {fileID: 0}
  m_PrefabInternal: {fileID: 100100000}
  serializedVersion: 4
  m_Component:
  - 4: {fileID: 429324}
  m_Layer: 0
  m_Name: Bip01
  m_TagString: Untagged
  m_Icon: {fileID: 0}
  m_NavMeshLayer: 0
  m_StaticEditorFlags: 0
  m_IsActive: 1
--- !u!1 &125050
GameObject:
  m_ObjectHideFlags: 1
  m_PrefabParentObject: {fileID: 0}
  m_PrefabInternal: {fileID: 100100000}
  serializedVersion: 4
  m_Component:
  - 4: {fileID: 411602}
  m_Layer: 0
  m_Name: Bip01 R Thigh
  m_TagString: Untagged
  m_Icon: {fileID: 0}
  m_NavMeshLayer: 0
  m_StaticEditorFlags: 0
  m_IsActive: 1
--- !u!1 &128408
GameObject:
  m_ObjectHideFlags: 0
  m_PrefabParentObject: {fileID: 0}
  m_PrefabInternal: {fileID: 100100000}
  serializedVersion: 4
  m_Component:
  - 4: {fileID: 438272}
  - 137: {fileID: 13740608}
  m_Layer: 0
  m_Name: Rocket_launcher
  m_TagString: Untagged
  m_Icon: {fileID: 0}
  m_NavMeshLayer: 0
  m_StaticEditorFlags: 0
  m_IsActive: 1
--- !u!1 &129264
GameObject:
  m_ObjectHideFlags: 0
  m_PrefabParentObject: {fileID: 0}
  m_PrefabInternal: {fileID: 100100000}
  serializedVersion: 4
  m_Component:
  - 4: {fileID: 421370}
  - 137: {fileID: 13718148}
  m_Layer: 0
  m_Name: Helmet_01
  m_TagString: Untagged
  m_Icon: {fileID: 0}
  m_NavMeshLayer: 0
  m_StaticEditorFlags: 0
  m_IsActive: 1
--- !u!1 &134894
GameObject:
  m_ObjectHideFlags: 0
  m_PrefabParentObject: {fileID: 0}
  m_PrefabInternal: {fileID: 100100000}
  serializedVersion: 4
  m_Component:
  - 4: {fileID: 415144}
  - 137: {fileID: 13743918}
  m_Layer: 0
  m_Name: Armor_02_R
  m_TagString: Untagged
  m_Icon: {fileID: 0}
  m_NavMeshLayer: 0
  m_StaticEditorFlags: 0
  m_IsActive: 1
--- !u!1 &136020
GameObject:
  m_ObjectHideFlags: 1
  m_PrefabParentObject: {fileID: 0}
  m_PrefabInternal: {fileID: 100100000}
  serializedVersion: 4
  m_Component:
  - 4: {fileID: 469750}
  m_Layer: 0
  m_Name: Bip01 Armor_Point_L
  m_TagString: Untagged
  m_Icon: {fileID: 0}
  m_NavMeshLayer: 0
  m_StaticEditorFlags: 0
  m_IsActive: 1
--- !u!1 &140384
GameObject:
  m_ObjectHideFlags: 1
  m_PrefabParentObject: {fileID: 0}
  m_PrefabInternal: {fileID: 100100000}
  serializedVersion: 4
  m_Component:
  - 4: {fileID: 486332}
  m_Layer: 0
  m_Name: Bip01 L Hand
  m_TagString: Untagged
  m_Icon: {fileID: 0}
  m_NavMeshLayer: 0
  m_StaticEditorFlags: 0
  m_IsActive: 1
--- !u!1 &144174
GameObject:
  m_ObjectHideFlags: 1
  m_PrefabParentObject: {fileID: 0}
  m_PrefabInternal: {fileID: 100100000}
  serializedVersion: 4
  m_Component:
  - 4: {fileID: 454262}
  m_Layer: 0
  m_Name: Bip01 L Clavicle
  m_TagString: Untagged
  m_Icon: {fileID: 0}
  m_NavMeshLayer: 0
  m_StaticEditorFlags: 0
  m_IsActive: 1
--- !u!1 &145112
GameObject:
  m_ObjectHideFlags: 1
  m_PrefabParentObject: {fileID: 0}
  m_PrefabInternal: {fileID: 100100000}
  serializedVersion: 4
  m_Component:
  - 4: {fileID: 475846}
  m_Layer: 0
  m_Name: Bip01 Spine
  m_TagString: Untagged
  m_Icon: {fileID: 0}
  m_NavMeshLayer: 0
  m_StaticEditorFlags: 0
  m_IsActive: 1
--- !u!1 &146590
GameObject:
  m_ObjectHideFlags: 1
  m_PrefabParentObject: {fileID: 0}
  m_PrefabInternal: {fileID: 100100000}
  serializedVersion: 4
  m_Component:
  - 4: {fileID: 456996}
  m_Layer: 0
  m_Name: Bip01 L Finger0
  m_TagString: Untagged
  m_Icon: {fileID: 0}
  m_NavMeshLayer: 0
  m_StaticEditorFlags: 0
  m_IsActive: 1
--- !u!1 &149944
GameObject:
  m_ObjectHideFlags: 1
  m_PrefabParentObject: {fileID: 0}
  m_PrefabInternal: {fileID: 100100000}
  serializedVersion: 4
  m_Component:
  - 4: {fileID: 401344}
  m_Layer: 0
  m_Name: Bip01 R Forearm
  m_TagString: Untagged
  m_Icon: {fileID: 0}
  m_NavMeshLayer: 0
  m_StaticEditorFlags: 0
  m_IsActive: 1
--- !u!1 &151016
GameObject:
  m_ObjectHideFlags: 1
  m_PrefabParentObject: {fileID: 0}
  m_PrefabInternal: {fileID: 100100000}
  serializedVersion: 4
  m_Component:
  - 4: {fileID: 481924}
  m_Layer: 0
  m_Name: Bip01 Helmet_Point
  m_TagString: Untagged
  m_Icon: {fileID: 0}
  m_NavMeshLayer: 0
  m_StaticEditorFlags: 0
  m_IsActive: 1
--- !u!1 &151822
GameObject:
  m_ObjectHideFlags: 1
  m_PrefabParentObject: {fileID: 0}
  m_PrefabInternal: {fileID: 100100000}
  serializedVersion: 4
  m_Component:
  - 4: {fileID: 493004}
  m_Layer: 0
  m_Name: Bip01 R Clavicle
  m_TagString: Untagged
  m_Icon: {fileID: 0}
  m_NavMeshLayer: 0
  m_StaticEditorFlags: 0
  m_IsActive: 1
--- !u!1 &153416
GameObject:
  m_ObjectHideFlags: 1
  m_PrefabParentObject: {fileID: 0}
  m_PrefabInternal: {fileID: 100100000}
  serializedVersion: 4
  m_Component:
  - 4: {fileID: 446854}
  m_Layer: 0
  m_Name: Bip01 R Calf
  m_TagString: Untagged
  m_Icon: {fileID: 0}
  m_NavMeshLayer: 0
  m_StaticEditorFlags: 0
  m_IsActive: 1
--- !u!1 &153698
GameObject:
  m_ObjectHideFlags: 1
  m_PrefabParentObject: {fileID: 0}
  m_PrefabInternal: {fileID: 100100000}
  serializedVersion: 4
  m_Component:
  - 4: {fileID: 493898}
  m_Layer: 0
  m_Name: Bip01 R Hand
  m_TagString: Untagged
  m_Icon: {fileID: 0}
  m_NavMeshLayer: 0
  m_StaticEditorFlags: 0
  m_IsActive: 1
--- !u!1 &154386
GameObject:
  m_ObjectHideFlags: 1
  m_PrefabParentObject: {fileID: 0}
  m_PrefabInternal: {fileID: 100100000}
  serializedVersion: 4
  m_Component:
  - 4: {fileID: 455678}
  m_Layer: 0
  m_Name: Bip01 R Toe0
  m_TagString: Untagged
  m_Icon: {fileID: 0}
  m_NavMeshLayer: 0
  m_StaticEditorFlags: 0
  m_IsActive: 1
--- !u!1 &155416
GameObject:
  m_ObjectHideFlags: 1
  m_PrefabParentObject: {fileID: 0}
  m_PrefabInternal: {fileID: 100100000}
  serializedVersion: 4
  m_Component:
  - 4: {fileID: 441294}
  m_Layer: 0
  m_Name: Bip01 R Finger0
  m_TagString: Untagged
  m_Icon: {fileID: 0}
  m_NavMeshLayer: 0
  m_StaticEditorFlags: 0
  m_IsActive: 1
--- !u!1 &160528
GameObject:
  m_ObjectHideFlags: 1
  m_PrefabParentObject: {fileID: 0}
  m_PrefabInternal: {fileID: 100100000}
  serializedVersion: 4
  m_Component:
  - 4: {fileID: 400780}
  m_Layer: 0
  m_Name: Bip01 Armor_Point_R
  m_TagString: Untagged
  m_Icon: {fileID: 0}
  m_NavMeshLayer: 0
  m_StaticEditorFlags: 0
  m_IsActive: 1
--- !u!1 &165864
GameObject:
  m_ObjectHideFlags: 1
  m_PrefabParentObject: {fileID: 0}
  m_PrefabInternal: {fileID: 100100000}
  serializedVersion: 4
  m_Component:
  - 4: {fileID: 417956}
  m_Layer: 0
  m_Name: Bip01 R UpperArm
  m_TagString: Untagged
  m_Icon: {fileID: 0}
  m_NavMeshLayer: 0
  m_StaticEditorFlags: 0
  m_IsActive: 1
--- !u!1 &174280
GameObject:
  m_ObjectHideFlags: 0
  m_PrefabParentObject: {fileID: 0}
  m_PrefabInternal: {fileID: 100100000}
  serializedVersion: 4
  m_Component:
  - 4: {fileID: 422650}
  - 137: {fileID: 13789372}
  m_Layer: 0
  m_Name: Body
  m_TagString: Untagged
  m_Icon: {fileID: 0}
  m_NavMeshLayer: 0
  m_StaticEditorFlags: 0
  m_IsActive: 1
--- !u!1 &176326
GameObject:
  m_ObjectHideFlags: 1
  m_PrefabParentObject: {fileID: 0}
  m_PrefabInternal: {fileID: 100100000}
  serializedVersion: 4
  m_Component:
  - 4: {fileID: 403830}
  m_Layer: 0
  m_Name: Bip01 R Foot
  m_TagString: Untagged
  m_Icon: {fileID: 0}
  m_NavMeshLayer: 0
  m_StaticEditorFlags: 0
  m_IsActive: 1
--- !u!1 &176550
GameObject:
  m_ObjectHideFlags: 1
  m_PrefabParentObject: {fileID: 0}
  m_PrefabInternal: {fileID: 100100000}
  serializedVersion: 4
  m_Component:
  - 4: {fileID: 452074}
  m_Layer: 0
  m_Name: Bip01 Neck
  m_TagString: Untagged
  m_Icon: {fileID: 0}
  m_NavMeshLayer: 0
  m_StaticEditorFlags: 0
  m_IsActive: 1
--- !u!1 &183786
GameObject:
  m_ObjectHideFlags: 1
  m_PrefabParentObject: {fileID: 0}
  m_PrefabInternal: {fileID: 100100000}
  serializedVersion: 4
  m_Component:
  - 4: {fileID: 458358}
  m_Layer: 0
  m_Name: Bip01 L Toe0
  m_TagString: Untagged
  m_Icon: {fileID: 0}
  m_NavMeshLayer: 0
  m_StaticEditorFlags: 0
  m_IsActive: 1
--- !u!1 &188072
GameObject:
  m_ObjectHideFlags: 0
  m_PrefabParentObject: {fileID: 0}
  m_PrefabInternal: {fileID: 100100000}
  serializedVersion: 4
  m_Component:
  - 4: {fileID: 482722}
  - 111: {fileID: 11144042}
  m_Layer: 0
  m_Name: Support_Rocket
  m_TagString: Untagged
  m_Icon: {fileID: 0}
  m_NavMeshLayer: 0
  m_StaticEditorFlags: 0
  m_IsActive: 1
--- !u!1 &188536
GameObject:
  m_ObjectHideFlags: 1
  m_PrefabParentObject: {fileID: 0}
  m_PrefabInternal: {fileID: 100100000}
  serializedVersion: 4
  m_Component:
  - 4: {fileID: 483210}
  m_Layer: 0
  m_Name: Bip01 Weapon_Point_L
  m_TagString: Untagged
  m_Icon: {fileID: 0}
  m_NavMeshLayer: 0
  m_StaticEditorFlags: 0
  m_IsActive: 1
--- !u!1 &190848
GameObject:
  m_ObjectHideFlags: 1
  m_PrefabParentObject: {fileID: 0}
  m_PrefabInternal: {fileID: 100100000}
  serializedVersion: 4
  m_Component:
  - 4: {fileID: 484644}
  m_Layer: 0
  m_Name: Bip01 Head
  m_TagString: Untagged
  m_Icon: {fileID: 0}
  m_NavMeshLayer: 0
  m_StaticEditorFlags: 0
  m_IsActive: 1
--- !u!1 &191622
GameObject:
  m_ObjectHideFlags: 1
  m_PrefabParentObject: {fileID: 0}
  m_PrefabInternal: {fileID: 100100000}
  serializedVersion: 4
  m_Component:
  - 4: {fileID: 453214}
  m_Layer: 0
  m_Name: Bip01 L Calf
  m_TagString: Untagged
  m_Icon: {fileID: 0}
  m_NavMeshLayer: 0
  m_StaticEditorFlags: 0
  m_IsActive: 1
--- !u!1 &197886
GameObject:
  m_ObjectHideFlags: 1
  m_PrefabParentObject: {fileID: 0}
  m_PrefabInternal: {fileID: 100100000}
  serializedVersion: 4
  m_Component:
  - 4: {fileID: 454714}
  m_Layer: 0
  m_Name: Bip01 L Forearm
  m_TagString: Untagged
  m_Icon: {fileID: 0}
  m_NavMeshLayer: 0
  m_StaticEditorFlags: 0
  m_IsActive: 1
--- !u!1 &198544
GameObject:
  m_ObjectHideFlags: 0
  m_PrefabParentObject: {fileID: 0}
  m_PrefabInternal: {fileID: 100100000}
  serializedVersion: 4
  m_Component:
  - 4: {fileID: 438130}
  - 137: {fileID: 13785968}
  m_Layer: 0
  m_Name: Armor_02_L
  m_TagString: Untagged
  m_Icon: {fileID: 0}
  m_NavMeshLayer: 0
  m_StaticEditorFlags: 0
  m_IsActive: 1
--- !u!1 &198862
GameObject:
  m_ObjectHideFlags: 1
  m_PrefabParentObject: {fileID: 0}
  m_PrefabInternal: {fileID: 100100000}
  serializedVersion: 4
  m_Component:
  - 4: {fileID: 452816}
  m_Layer: 0
  m_Name: Bip01 L UpperArm
  m_TagString: Untagged
  m_Icon: {fileID: 0}
  m_NavMeshLayer: 0
  m_StaticEditorFlags: 0
  m_IsActive: 1
--- !u!4 &400780
Transform:
  m_ObjectHideFlags: 1
  m_PrefabParentObject: {fileID: 0}
  m_PrefabInternal: {fileID: 100100000}
  m_GameObject: {fileID: 160528}
  m_LocalRotation: {x: 0.9612311, y: 0.1389629, z: -0.058178704, w: -0.23095311}
  m_LocalPosition: {x: -0.09608024, y: 0.10900891, z: -0.12156153}
  m_LocalScale: {x: 1.0000006, y: 0.9999999, z: 1}
  m_Children: []
  m_Father: {fileID: 417956}
  m_RootOrder: 0
--- !u!4 &401344
Transform:
  m_ObjectHideFlags: 1
  m_PrefabParentObject: {fileID: 0}
  m_PrefabInternal: {fileID: 100100000}
  m_GameObject: {fileID: 149944}
  m_LocalRotation: {x: -0.000000020440819, y: 0.000000021687585, z: 0.68588006, w: 0.7277146}
  m_LocalPosition: {x: -0.4104604, y: -0.00000011920929, z: 0}
  m_LocalScale: {x: 1, y: 1, z: 1}
  m_Children:
  - {fileID: 493898}
  m_Father: {fileID: 417956}
  m_RootOrder: 1
--- !u!4 &403830
Transform:
  m_ObjectHideFlags: 1
  m_PrefabParentObject: {fileID: 0}
  m_PrefabInternal: {fileID: 100100000}
  m_GameObject: {fileID: 176326}
  m_LocalRotation: {x: -0.025049042, y: -0.19142632, z: -0.09369045, w: 0.97670394}
  m_LocalPosition: {x: -0.312117, y: -0.0000000037252903, z: 0}
  m_LocalScale: {x: 0.9999999, y: 0.99999994, z: 0.9999999}
  m_Children:
  - {fileID: 455678}
  m_Father: {fileID: 446854}
  m_RootOrder: 0
--- !u!4 &406626
Transform:
  m_ObjectHideFlags: 1
  m_PrefabParentObject: {fileID: 0}
  m_PrefabInternal: {fileID: 100100000}
  m_GameObject: {fileID: 114798}
  m_LocalRotation: {x: -0.04797527, y: 0.98498935, z: -0.0071978183, w: 0.16565797}
  m_LocalPosition: {x: 0.22539854, y: 0.0005728946, z: 0.17369358}
  m_LocalScale: {x: 0.99999994, y: 1.0000002, z: 1.0000001}
  m_Children:
  - {fileID: 453214}
  m_Father: {fileID: 475846}
  m_RootOrder: 0
--- !u!4 &411602
Transform:
  m_ObjectHideFlags: 1
  m_PrefabParentObject: {fileID: 0}
  m_PrefabInternal: {fileID: 100100000}
  m_GameObject: {fileID: 125050}
  m_LocalRotation: {x: -0.055315655, y: 0.97962666, z: 0.0040791724, w: -0.19301593}
  m_LocalPosition: {x: 0.22539842, y: 0.0005738581, z: -0.17369358}
  m_LocalScale: {x: 0.9999999, y: 1.0000001, z: 0.9999999}
  m_Children:
  - {fileID: 446854}
  m_Father: {fileID: 475846}
  m_RootOrder: 2
--- !u!4 &415144
Transform:
  m_ObjectHideFlags: 1
  m_PrefabParentObject: {fileID: 0}
  m_PrefabInternal: {fileID: 100100000}
  m_GameObject: {fileID: 134894}
  m_LocalRotation: {x: -0.6702119, y: -0.29893878, z: 0.31492898, w: 0.6018898}
  m_LocalPosition: {x: 0, y: 0, z: 0}
  m_LocalScale: {x: 1.0000004, y: 1, z: 1}
  m_Children: []
  m_Father: {fileID: 482722}
  m_RootOrder: 1
--- !u!4 &417956
Transform:
  m_ObjectHideFlags: 1
  m_PrefabParentObject: {fileID: 0}
  m_PrefabInternal: {fileID: 100100000}
  m_GameObject: {fileID: 165864}
  m_LocalRotation: {x: -0.3115861, y: 0.29042, z: -0.057589706, w: 0.90291405}
  m_LocalPosition: {x: -0.1940908, y: 0.0000000037252903, z: -0.00000011920929}
  m_LocalScale: {x: 1.0000001, y: 1, z: 1}
  m_Children:
  - {fileID: 400780}
  - {fileID: 401344}
  m_Father: {fileID: 493004}
  m_RootOrder: 0
--- !u!4 &421370
Transform:
  m_ObjectHideFlags: 1
  m_PrefabParentObject: {fileID: 0}
  m_PrefabInternal: {fileID: 100100000}
  m_GameObject: {fileID: 129264}
  m_LocalRotation: {x: 0.5589829, y: -0.43305784, z: 0.5589824, w: -0.43305644}
  m_LocalPosition: {x: 0, y: 0, z: 0}
  m_LocalScale: {x: 1.0000002, y: 1.0000002, z: 1}
  m_Children: []
  m_Father: {fileID: 482722}
  m_RootOrder: 4
--- !u!4 &422650
Transform:
  m_ObjectHideFlags: 1
  m_PrefabParentObject: {fileID: 0}
  m_PrefabInternal: {fileID: 100100000}
  m_GameObject: {fileID: 174280}
  m_LocalRotation: {x: -0.7071068, y: 0, z: -0, w: 0.7071068}
  m_LocalPosition: {x: 0, y: 0, z: 0}
  m_LocalScale: {x: 1, y: 1, z: 1}
  m_Children: []
  m_Father: {fileID: 482722}
  m_RootOrder: 3
--- !u!4 &427436
Transform:
  m_ObjectHideFlags: 1
  m_PrefabParentObject: {fileID: 0}
  m_PrefabInternal: {fileID: 100100000}
  m_GameObject: {fileID: 106658}
  m_LocalRotation: {x: -0.00000014751406, y: -0.00000016858735, z: 0.70710653, w: 0.7071071}
  m_LocalPosition: {x: -0.14285338, y: 0.12546086, z: 0}
  m_LocalScale: {x: 0.9999999, y: 1, z: 1.0000004}
  m_Children: []
  m_Father: {fileID: 493898}
  m_RootOrder: 1
--- !u!4 &429324
Transform:
  m_ObjectHideFlags: 1
  m_PrefabParentObject: {fileID: 0}
  m_PrefabInternal: {fileID: 100100000}
  m_GameObject: {fileID: 118786}
  m_LocalRotation: {x: -0.5, y: 0.5, z: 0.5, w: 0.5}
  m_LocalPosition: {x: 0, y: 0.91572994, z: 0}
  m_LocalScale: {x: 0.99999994, y: 0.99999994, z: 1}
  m_Children:
  - {fileID: 484526}
  m_Father: {fileID: 482722}
  m_RootOrder: 2
--- !u!4 &438130
Transform:
  m_ObjectHideFlags: 1
  m_PrefabParentObject: {fileID: 0}
  m_PrefabInternal: {fileID: 100100000}
  m_GameObject: {fileID: 198544}
  m_LocalRotation: {x: 0.28201604, y: 0.56007135, z: 0.6206788, w: 0.4706857}
  m_LocalPosition: {x: 0, y: 0, z: 0}
  m_LocalScale: {x: 1.0000001, y: 1.0000001, z: 1.0000002}
  m_Children: []
  m_Father: {fileID: 482722}
  m_RootOrder: 0
--- !u!4 &438272
Transform:
  m_ObjectHideFlags: 1
  m_PrefabParentObject: {fileID: 0}
  m_PrefabInternal: {fileID: 100100000}
  m_GameObject: {fileID: 128408}
  m_LocalRotation: {x: -0.8102144, y: 0.043124486, z: -0.20536606, w: 0.5472821}
  m_LocalPosition: {x: 0, y: 0, z: 0}
  m_LocalScale: {x: 1, y: 0.99999994, z: 1.0000005}
  m_Children: []
  m_Father: {fileID: 482722}
  m_RootOrder: 5
--- !u!4 &441294
Transform:
  m_ObjectHideFlags: 1
  m_PrefabParentObject: {fileID: 0}
  m_PrefabInternal: {fileID: 100100000}
  m_GameObject: {fileID: 155416}
  m_LocalRotation: {x: 0.0003370497, y: 0.00021194399, z: -0.5323771, w: 0.8465072}
  m_LocalPosition: {x: -0.20241737, y: 0.037304997, z: -0.0041518807}
  m_LocalScale: {x: 1.0000002, y: 1.0000005, z: 1.0000002}
  m_Children: []
  m_Father: {fileID: 493898}
  m_RootOrder: 0
--- !u!4 &446854
Transform:
  m_ObjectHideFlags: 1
  m_PrefabParentObject: {fileID: 0}
  m_PrefabInternal: {fileID: 100100000}
  m_GameObject: {fileID: 153416}
  m_LocalRotation: {x: 0.000000008184486, y: -0.000000028897585, z: 0.15106018, w: 0.9885246}
  m_LocalPosition: {x: -0.37253067, y: 0, z: 0}
  m_LocalScale: {x: 1.0000001, y: 0.99999976, z: 0.9999999}
  m_Children:
  - {fileID: 403830}
  m_Father: {fileID: 411602}
  m_RootOrder: 0
--- !u!4 &452074
Transform:
  m_ObjectHideFlags: 1
  m_PrefabParentObject: {fileID: 0}
  m_PrefabInternal: {fileID: 100100000}
  m_GameObject: {fileID: 176550}
  m_LocalRotation: {x: -6.3948846e-14, y: -1.8611564e-24, z: 2.910383e-11, w: 1}
  m_LocalPosition: {x: -0.4030292, y: 0.0665678, z: 0.00000009736323}
  m_LocalScale: {x: 1, y: 1, z: 0.9999999}
  m_Children:
  - {fileID: 484644}
  - {fileID: 454262}
  - {fileID: 493004}
  m_Father: {fileID: 475846}
  m_RootOrder: 1
--- !u!4 &452816
Transform:
  m_ObjectHideFlags: 1
  m_PrefabParentObject: {fileID: 0}
  m_PrefabInternal: {fileID: 100100000}
  m_GameObject: {fileID: 198862}
  m_LocalRotation: {x: -0.05325568, y: -0.46465364, z: -0.12960868, w: 0.8743354}
  m_LocalPosition: {x: -0.19409078, y: -0.000000011175871, z: 0.00000011920929}
  m_LocalScale: {x: 0.9999999, y: 0.99999976, z: 0.99999976}
  m_Children:
  - {fileID: 469750}
  - {fileID: 454714}
  m_Father: {fileID: 454262}
  m_RootOrder: 0
--- !u!4 &453214
Transform:
  m_ObjectHideFlags: 1
  m_PrefabParentObject: {fileID: 0}
  m_PrefabInternal: {fileID: 100100000}
  m_GameObject: {fileID: 191622}
  m_LocalRotation: {x: 0.000000004209717, y: -0.000000045124157, z: 0.2553129, w: 0.9668585}
  m_LocalPosition: {x: -0.37253073, y: 0.000000014901161, z: -0.00000008940697}
  m_LocalScale: {x: 1.0000004, y: 1.0000004, z: 1.0000004}
  m_Children:
  - {fileID: 478344}
  m_Father: {fileID: 406626}
  m_RootOrder: 0
--- !u!4 &454262
Transform:
  m_ObjectHideFlags: 1
  m_PrefabParentObject: {fileID: 0}
  m_PrefabInternal: {fileID: 100100000}
  m_GameObject: {fileID: 144174}
  m_LocalRotation: {x: -0.6490658, y: -0.00025954284, z: 0.7607322, w: -0.00030205544}
  m_LocalPosition: {x: -0.097839594, y: -0.024320636, z: 0.1882619}
  m_LocalScale: {x: 0.99999994, y: 1.0000001, z: 1}
  m_Children:
  - {fileID: 452816}
  m_Father: {fileID: 452074}
  m_RootOrder: 1
--- !u!4 &454714
Transform:
  m_ObjectHideFlags: 1
  m_PrefabParentObject: {fileID: 0}
  m_PrefabInternal: {fileID: 100100000}
  m_GameObject: {fileID: 197886}
  m_LocalRotation: {x: -0.000000016442518, y: -0.0000000026831422, z: 0.58542573,
    w: 0.81072605}
  m_LocalPosition: {x: -0.4104606, y: -0.000000007450581, z: 0}
  m_LocalScale: {x: 1.0000001, y: 1.0000002, z: 1}
  m_Children:
  - {fileID: 486332}
  m_Father: {fileID: 452816}
  m_RootOrder: 1
--- !u!4 &455678
Transform:
  m_ObjectHideFlags: 1
  m_PrefabParentObject: {fileID: 0}
  m_PrefabInternal: {fileID: 100100000}
  m_GameObject: {fileID: 154386}
  m_LocalRotation: {x: 0.000000015454495, y: -0.000000015454335, z: -0.7071069, w: 0.70710677}
  m_LocalPosition: {x: -0.3197363, y: 0.33737257, z: -0.02870223}
  m_LocalScale: {x: 0.9999999, y: 0.99999994, z: 0.9999998}
  m_Children: []
  m_Father: {fileID: 403830}
  m_RootOrder: 0
--- !u!4 &456996
Transform:
  m_ObjectHideFlags: 1
  m_PrefabParentObject: {fileID: 0}
  m_PrefabInternal: {fileID: 100100000}
  m_GameObject: {fileID: 146590}
  m_LocalRotation: {x: -0.00033697576, y: -0.00021204333, z: -0.53237706, w: 0.84650725}
  m_LocalPosition: {x: -0.20241734, y: 0.03730476, z: 0.004151821}
  m_LocalScale: {x: 1.0000002, y: 1.0000002, z: 1.0000001}
  m_Children: []
  m_Father: {fileID: 486332}
  m_RootOrder: 0
--- !u!4 &458358
Transform:
  m_ObjectHideFlags: 1
  m_PrefabParentObject: {fileID: 0}
  m_PrefabInternal: {fileID: 100100000}
  m_GameObject: {fileID: 183786}
  m_LocalRotation: {x: -0.000010104251, y: -0.00012253188, z: -0.707021, w: 0.7071926}
  m_LocalPosition: {x: -0.31973645, y: 0.33737278, z: 0.0287022}
  m_LocalScale: {x: 1, y: 1.0000001, z: 1.0000002}
  m_Children: []
  m_Father: {fileID: 478344}
  m_RootOrder: 0
--- !u!4 &469750
Transform:
  m_ObjectHideFlags: 1
  m_PrefabParentObject: {fileID: 0}
  m_PrefabInternal: {fileID: 100100000}
  m_GameObject: {fileID: 136020}
  m_LocalRotation: {x: 0.00000009126958, y: -0.000000059604616, z: 0.000000003725294,
    w: 1}
  m_LocalPosition: {x: -0.080833316, y: 0.057824098, z: 0.13166821}
  m_LocalScale: {x: 1.0000005, y: 1.0000004, z: 1.0000007}
  m_Children: []
  m_Father: {fileID: 452816}
  m_RootOrder: 0
--- !u!4 &475846
Transform:
  m_ObjectHideFlags: 1
  m_PrefabParentObject: {fileID: 0}
  m_PrefabInternal: {fileID: 100100000}
  m_GameObject: {fileID: 145112}
  m_LocalRotation: {x: -0.0000021454825, y: 0.00000071611004, z: -0.000398159, w: 0.99999994}
  m_LocalPosition: {x: -0.22539896, y: -0.00039384732, z: 0.00000031312936}
  m_LocalScale: {x: 1, y: 0.9999999, z: 0.9999998}
  m_Children:
  - {fileID: 406626}
  - {fileID: 452074}
  - {fileID: 411602}
  m_Father: {fileID: 484526}
  m_RootOrder: 0
--- !u!4 &478344
Transform:
  m_ObjectHideFlags: 1
  m_PrefabParentObject: {fileID: 0}
  m_PrefabInternal: {fileID: 100100000}
  m_GameObject: {fileID: 104780}
  m_LocalRotation: {x: 0.03535732, y: 0.16208221, z: -0.20560853, w: 0.96447104}
  m_LocalPosition: {x: -0.31211704, y: 0.000000014901161, z: 0}
  m_LocalScale: {x: 1, y: 0.9999999, z: 0.99999994}
  m_Children:
  - {fileID: 458358}
  m_Father: {fileID: 453214}
  m_RootOrder: 0
--- !u!4 &481924
Transform:
  m_ObjectHideFlags: 1
  m_PrefabParentObject: {fileID: 0}
  m_PrefabInternal: {fileID: 100100000}
  m_GameObject: {fileID: 151016}
  m_LocalRotation: {x: -0.00000019470727, y: -0.00000016292068, z: -0.000000089406974,
    w: 1}
  m_LocalPosition: {x: -0.2530452, y: -0.09489453, z: -0.0000001192102}
  m_LocalScale: {x: 1.0000002, y: 1.0000004, z: 1}
  m_Children: []
  m_Father: {fileID: 484644}
  m_RootOrder: 0
--- !u!4 &482722
Transform:
  m_ObjectHideFlags: 1
  m_PrefabParentObject: {fileID: 0}
  m_PrefabInternal: {fileID: 100100000}
  m_GameObject: {fileID: 188072}
  m_LocalRotation: {x: 0, y: 0.9783946, z: 0, w: 0.20674652}
  m_LocalPosition: {x: -10, y: 0.075493336, z: -0.09}
  m_LocalScale: {x: 1, y: 1, z: 1}
  m_Children:
  - {fileID: 438130}
  - {fileID: 415144}
  - {fileID: 429324}
  - {fileID: 422650}
  - {fileID: 421370}
  - {fileID: 438272}
  m_Father: {fileID: 0}
  m_RootOrder: 0
--- !u!4 &483210
Transform:
  m_ObjectHideFlags: 1
  m_PrefabParentObject: {fileID: 0}
  m_PrefabInternal: {fileID: 100100000}
  m_GameObject: {fileID: 188536}
  m_LocalRotation: {x: 0.70643383, y: -0.7064337, z: 0.03777564, w: 0.021809628}
  m_LocalPosition: {x: -0.14764291, y: 0.13051724, z: -0.00048661232}
  m_LocalScale: {x: 1.0000004, y: 1.0000001, z: 1.0000001}
  m_Children: []
  m_Father: {fileID: 486332}
  m_RootOrder: 1
--- !u!4 &484526
Transform:
  m_ObjectHideFlags: 1
  m_PrefabParentObject: {fileID: 0}
  m_PrefabInternal: {fileID: 100100000}
  m_GameObject: {fileID: 104058}
  m_LocalRotation: {x: -0.4999997, y: 0.50000036, z: 0.4999997, w: 0.50000036}
  m_LocalPosition: {x: -0, y: 0, z: 0}
  m_LocalScale: {x: 1, y: 0.9999998, z: 0.9999998}
  m_Children:
  - {fileID: 475846}
  m_Father: {fileID: 429324}
  m_RootOrder: 0
--- !u!4 &484644
Transform:
  m_ObjectHideFlags: 1
  m_PrefabParentObject: {fileID: 0}
  m_PrefabInternal: {fileID: 100100000}
  m_GameObject: {fileID: 190848}
  m_LocalRotation: {x: 0.00000005985761, y: 0.00000047306526, z: -0.12553054, w: 0.99208975}
  m_LocalPosition: {x: -0.071349025, y: -0.000000007450581, z: 2.2737368e-13}
  m_LocalScale: {x: 1, y: 1, z: 1}
  m_Children:
  - {fileID: 481924}
  m_Father: {fileID: 452074}
  m_RootOrder: 0
--- !u!4 &486332
Transform:
  m_ObjectHideFlags: 1
  m_PrefabParentObject: {fileID: 0}
  m_PrefabInternal: {fileID: 100100000}
  m_GameObject: {fileID: 140384}
  m_LocalRotation: {x: -0.6595109, y: -0.25995255, z: -0.05640962, w: 0.7030562}
  m_LocalPosition: {x: -0.53911376, y: -0.00000017881393, z: 0}
  m_LocalScale: {x: 1.0000001, y: 1.0000004, z: 0.9999999}
  m_Children:
  - {fileID: 456996}
  - {fileID: 483210}
  m_Father: {fileID: 454714}
  m_RootOrder: 0
--- !u!4 &493004
Transform:
  m_ObjectHideFlags: 1
  m_PrefabParentObject: {fileID: 0}
  m_PrefabInternal: {fileID: 100100000}
  m_GameObject: {fileID: 151822}
  m_LocalRotation: {x: 0.64906585, y: 0.00025734064, z: 0.7607321, w: -0.00030375348}
  m_LocalPosition: {x: -0.097839594, y: -0.024319593, z: -0.18826193}
  m_LocalScale: {x: 0.99999994, y: 1, z: 0.9999999}
  m_Children:
  - {fileID: 417956}
  m_Father: {fileID: 452074}
  m_RootOrder: 2
--- !u!4 &493898
Transform:
  m_ObjectHideFlags: 1
  m_PrefabParentObject: {fileID: 0}
  m_PrefabInternal: {fileID: 100100000}
  m_GameObject: {fileID: 153698}
  m_LocalRotation: {x: 0.83276856, y: 0.034311663, z: 0.11981921, w: 0.5394095}
  m_LocalPosition: {x: -0.539114, y: 0.00000011920929, z: 0}
  m_LocalScale: {x: 1.0000002, y: 1, z: 1.0000001}
  m_Children:
  - {fileID: 441294}
  - {fileID: 427436}
  m_Father: {fileID: 401344}
  m_RootOrder: 0
--- !u!111 &11144042
Animation:
  m_ObjectHideFlags: 1
  m_PrefabParentObject: {fileID: 0}
  m_PrefabInternal: {fileID: 100100000}
  m_GameObject: {fileID: 188072}
  m_Enabled: 1
  serializedVersion: 3
  m_Animation: {fileID: 7400000, guid: 6439ca9e73e44414da70b75e540b0006, type: 3}
  m_Animations:
  - {fileID: 7400000, guid: 6439ca9e73e44414da70b75e540b0006, type: 3}
  - {fileID: 7400002, guid: 6439ca9e73e44414da70b75e540b0006, type: 3}
  - {fileID: 7400004, guid: 6439ca9e73e44414da70b75e540b0006, type: 3}
  - {fileID: 7400006, guid: 6439ca9e73e44414da70b75e540b0006, type: 3}
  - {fileID: 7400008, guid: 6439ca9e73e44414da70b75e540b0006, type: 3}
  - {fileID: 7400010, guid: 6439ca9e73e44414da70b75e540b0006, type: 3}
  - {fileID: 7400012, guid: 6439ca9e73e44414da70b75e540b0006, type: 3}
  - {fileID: 7400014, guid: 6439ca9e73e44414da70b75e540b0006, type: 3}
  - {fileID: 7400016, guid: 6439ca9e73e44414da70b75e540b0006, type: 3}
  - {fileID: 7400018, guid: 6439ca9e73e44414da70b75e540b0006, type: 3}
  - {fileID: 7400020, guid: 6439ca9e73e44414da70b75e540b0006, type: 3}
  - {fileID: 7400022, guid: 6439ca9e73e44414da70b75e540b0006, type: 3}
  - {fileID: 7400024, guid: 6439ca9e73e44414da70b75e540b0006, type: 3}
  - {fileID: 7400026, guid: 6439ca9e73e44414da70b75e540b0006, type: 3}
  - {fileID: 7400028, guid: 6439ca9e73e44414da70b75e540b0006, type: 3}
  - {fileID: 7400030, guid: 6439ca9e73e44414da70b75e540b0006, type: 3}
  - {fileID: 7400032, guid: 6439ca9e73e44414da70b75e540b0006, type: 3}
  - {fileID: 7400034, guid: 6439ca9e73e44414da70b75e540b0006, type: 3}
  - {fileID: 7400036, guid: 6439ca9e73e44414da70b75e540b0006, type: 3}
  - {fileID: 7400038, guid: 6439ca9e73e44414da70b75e540b0006, type: 3}
  - {fileID: 7400040, guid: 6439ca9e73e44414da70b75e540b0006, type: 3}
  - {fileID: 7400042, guid: 6439ca9e73e44414da70b75e540b0006, type: 3}
  - {fileID: 7400044, guid: 6439ca9e73e44414da70b75e540b0006, type: 3}
  - {fileID: 7400046, guid: 6439ca9e73e44414da70b75e540b0006, type: 3}
  - {fileID: 7400048, guid: 6439ca9e73e44414da70b75e540b0006, type: 3}
  - {fileID: 7400050, guid: 6439ca9e73e44414da70b75e540b0006, type: 3}
  - {fileID: 7400052, guid: 6439ca9e73e44414da70b75e540b0006, type: 3}
  - {fileID: 7400054, guid: 6439ca9e73e44414da70b75e540b0006, type: 3}
  - {fileID: 7400056, guid: 6439ca9e73e44414da70b75e540b0006, type: 3}
  - {fileID: 7400058, guid: 6439ca9e73e44414da70b75e540b0006, type: 3}
  - {fileID: 7400060, guid: 6439ca9e73e44414da70b75e540b0006, type: 3}
  - {fileID: 7400062, guid: 6439ca9e73e44414da70b75e540b0006, type: 3}
  - {fileID: 7400064, guid: 6439ca9e73e44414da70b75e540b0006, type: 3}
  - {fileID: 7400066, guid: 6439ca9e73e44414da70b75e540b0006, type: 3}
  - {fileID: 7400068, guid: 6439ca9e73e44414da70b75e540b0006, type: 3}
  - {fileID: 7400070, guid: 6439ca9e73e44414da70b75e540b0006, type: 3}
  - {fileID: 7400072, guid: 6439ca9e73e44414da70b75e540b0006, type: 3}
  - {fileID: 7400074, guid: 6439ca9e73e44414da70b75e540b0006, type: 3}
  - {fileID: 7400076, guid: 6439ca9e73e44414da70b75e540b0006, type: 3}
  - {fileID: 7400078, guid: 6439ca9e73e44414da70b75e540b0006, type: 3}
  - {fileID: 7400080, guid: 6439ca9e73e44414da70b75e540b0006, type: 3}
  - {fileID: 7400082, guid: 6439ca9e73e44414da70b75e540b0006, type: 3}
  - {fileID: 7400084, guid: 6439ca9e73e44414da70b75e540b0006, type: 3}
  - {fileID: 7400086, guid: 6439ca9e73e44414da70b75e540b0006, type: 3}
  - {fileID: 7400088, guid: 6439ca9e73e44414da70b75e540b0006, type: 3}
  - {fileID: 7400090, guid: 6439ca9e73e44414da70b75e540b0006, type: 3}
  - {fileID: 7400092, guid: 6439ca9e73e44414da70b75e540b0006, type: 3}
  - {fileID: 7400094, guid: 6439ca9e73e44414da70b75e540b0006, type: 3}
  - {fileID: 7400096, guid: 6439ca9e73e44414da70b75e540b0006, type: 3}
  - {fileID: 7400098, guid: 6439ca9e73e44414da70b75e540b0006, type: 3}
  - {fileID: 7400100, guid: 6439ca9e73e44414da70b75e540b0006, type: 3}
  - {fileID: 7400102, guid: 6439ca9e73e44414da70b75e540b0006, type: 3}
  - {fileID: 7400104, guid: 6439ca9e73e44414da70b75e540b0006, type: 3}
  - {fileID: 7400106, guid: 6439ca9e73e44414da70b75e540b0006, type: 3}
  - {fileID: 7400108, guid: 6439ca9e73e44414da70b75e540b0006, type: 3}
  - {fileID: 7400110, guid: 6439ca9e73e44414da70b75e540b0006, type: 3}
  - {fileID: 7400112, guid: 6439ca9e73e44414da70b75e540b0006, type: 3}
  - {fileID: 7400114, guid: 6439ca9e73e44414da70b75e540b0006, type: 3}
  - {fileID: 7400116, guid: 6439ca9e73e44414da70b75e540b0006, type: 3}
  - {fileID: 7400118, guid: 6439ca9e73e44414da70b75e540b0006, type: 3}
  - {fileID: 7400120, guid: 6439ca9e73e44414da70b75e540b0006, type: 3}
  - {fileID: 7400122, guid: 6439ca9e73e44414da70b75e540b0006, type: 3}
  - {fileID: 7400124, guid: 6439ca9e73e44414da70b75e540b0006, type: 3}
  - {fileID: 7400126, guid: 6439ca9e73e44414da70b75e540b0006, type: 3}
  - {fileID: 7400128, guid: 6439ca9e73e44414da70b75e540b0006, type: 3}
  - {fileID: 7400130, guid: 6439ca9e73e44414da70b75e540b0006, type: 3}
  - {fileID: 7400132, guid: 6439ca9e73e44414da70b75e540b0006, type: 3}
  - {fileID: 7400134, guid: 6439ca9e73e44414da70b75e540b0006, type: 3}
  - {fileID: 7400136, guid: 6439ca9e73e44414da70b75e540b0006, type: 3}
  - {fileID: 7400138, guid: 6439ca9e73e44414da70b75e540b0006, type: 3}
  - {fileID: 7400140, guid: 6439ca9e73e44414da70b75e540b0006, type: 3}
  - {fileID: 7400142, guid: 6439ca9e73e44414da70b75e540b0006, type: 3}
  - {fileID: 7400144, guid: 6439ca9e73e44414da70b75e540b0006, type: 3}
  - {fileID: 7400146, guid: 6439ca9e73e44414da70b75e540b0006, type: 3}
  m_WrapMode: 0
  m_PlayAutomatically: 1
  m_AnimatePhysics: 0
  m_CullingType: 1
--- !u!137 &13718148
SkinnedMeshRenderer:
  m_ObjectHideFlags: 1
  m_PrefabParentObject: {fileID: 0}
  m_PrefabInternal: {fileID: 100100000}
  m_GameObject: {fileID: 129264}
  m_Enabled: 1
  m_CastShadows: 1
  m_ReceiveShadows: 1
  m_Materials:
  - {fileID: 2100000, guid: 960b764d67928dc47814efdf0b6fe2d9, type: 2}
  m_SubsetIndices: 
  m_StaticBatchRoot: {fileID: 0}
  m_UseLightProbes: 0
  m_ReflectionProbeUsage: 1
  m_ProbeAnchor: {fileID: 0}
  m_ScaleInLightmap: 1
  m_PreserveUVs: 0
  m_IgnoreNormalsForChartDetection: 0
  m_ImportantGI: 0
  m_MinimumChartSize: 4
  m_AutoUVMaxDistance: 0.5
  m_AutoUVMaxAngle: 89
  m_LightmapParameters: {fileID: 0}
  m_SortingLayerID: 0
  m_SortingOrder: 0
  serializedVersion: 2
  m_Quality: 0
  m_UpdateWhenOffscreen: 0
  m_Mesh: {fileID: 4300004, guid: 6439ca9e73e44414da70b75e540b0006, type: 3}
  m_Bones:
  - {fileID: 484644}
  m_BlendShapeWeights: []
  m_RootBone: {fileID: 484644}
  m_AABB:
    m_Center: {x: -0.24304241, y: -0.115111396, z: -0.0000002719462}
    m_Extent: {x: 0.16737652, y: 0.1908455, z: 0.12068486}
  m_DirtyAABB: 0
--- !u!137 &13740608
SkinnedMeshRenderer:
  m_ObjectHideFlags: 1
  m_PrefabParentObject: {fileID: 0}
  m_PrefabInternal: {fileID: 100100000}
  m_GameObject: {fileID: 128408}
  m_Enabled: 1
  m_CastShadows: 1
  m_ReceiveShadows: 1
  m_Materials:
  - {fileID: 2100000, guid: 960b764d67928dc47814efdf0b6fe2d9, type: 2}
  m_SubsetIndices: 
  m_StaticBatchRoot: {fileID: 0}
  m_UseLightProbes: 0
  m_ReflectionProbeUsage: 1
  m_ProbeAnchor: {fileID: 0}
  m_ScaleInLightmap: 1
  m_PreserveUVs: 0
  m_IgnoreNormalsForChartDetection: 0
  m_ImportantGI: 0
  m_MinimumChartSize: 4
  m_AutoUVMaxDistance: 0.5
  m_AutoUVMaxAngle: 89
  m_LightmapParameters: {fileID: 0}
  m_SortingLayerID: 0
  m_SortingOrder: 0
  serializedVersion: 2
  m_Quality: 0
  m_UpdateWhenOffscreen: 0
  m_Mesh: {fileID: 4300046, guid: 6439ca9e73e44414da70b75e540b0006, type: 3}
  m_Bones:
  - {fileID: 493898}
  m_BlendShapeWeights: []
  m_RootBone: {fileID: 493898}
  m_AABB:
    m_Center: {x: 0.20492613, y: -0.31233275, z: -0.032708593}
    m_Extent: {x: 0.9529948, y: 0.48860765, z: 0.20290318}
  m_DirtyAABB: 0
--- !u!137 &13743918
SkinnedMeshRenderer:
  m_ObjectHideFlags: 1
  m_PrefabParentObject: {fileID: 0}
  m_PrefabInternal: {fileID: 100100000}
  m_GameObject: {fileID: 134894}
  m_Enabled: 1
  m_CastShadows: 1
  m_ReceiveShadows: 1
  m_Materials:
  - {fileID: 2100000, guid: 960b764d67928dc47814efdf0b6fe2d9, type: 2}
  m_SubsetIndices: 
  m_StaticBatchRoot: {fileID: 0}
  m_UseLightProbes: 0
  m_ReflectionProbeUsage: 1
  m_ProbeAnchor: {fileID: 0}
  m_ScaleInLightmap: 1
  m_PreserveUVs: 0
  m_IgnoreNormalsForChartDetection: 0
  m_ImportantGI: 0
  m_MinimumChartSize: 4
  m_AutoUVMaxDistance: 0.5
  m_AutoUVMaxAngle: 89
  m_LightmapParameters: {fileID: 0}
  m_SortingLayerID: 0
  m_SortingOrder: 0
  serializedVersion: 2
  m_Quality: 0
  m_UpdateWhenOffscreen: 0
  m_Mesh: {fileID: 4300010, guid: 6439ca9e73e44414da70b75e540b0006, type: 3}
  m_Bones:
  - {fileID: 417956}
  m_BlendShapeWeights: []
  m_RootBone: {fileID: 417956}
  m_AABB:
    m_Center: {x: -0.065833345, y: 0.04528761, z: -0.02241876}
    m_Extent: {x: 0.35624355, y: 0.29629135, z: 0.2698509}
  m_DirtyAABB: 0
--- !u!137 &13785968
SkinnedMeshRenderer:
  m_ObjectHideFlags: 1
  m_PrefabParentObject: {fileID: 0}
  m_PrefabInternal: {fileID: 100100000}
  m_GameObject: {fileID: 198544}
  m_Enabled: 1
  m_CastShadows: 1
  m_ReceiveShadows: 1
  m_Materials:
  - {fileID: 2100000, guid: 960b764d67928dc47814efdf0b6fe2d9, type: 2}
  m_SubsetIndices: 
  m_StaticBatchRoot: {fileID: 0}
  m_UseLightProbes: 0
  m_ReflectionProbeUsage: 1
  m_ProbeAnchor: {fileID: 0}
  m_ScaleInLightmap: 1
  m_PreserveUVs: 0
  m_IgnoreNormalsForChartDetection: 0
  m_ImportantGI: 0
  m_MinimumChartSize: 4
  m_AutoUVMaxDistance: 0.5
  m_AutoUVMaxAngle: 89
  m_LightmapParameters: {fileID: 0}
  m_SortingLayerID: 0
  m_SortingOrder: 0
  serializedVersion: 2
  m_Quality: 0
  m_UpdateWhenOffscreen: 0
  m_Mesh: {fileID: 4300014, guid: 6439ca9e73e44414da70b75e540b0006, type: 3}
  m_Bones:
  - {fileID: 452816}
  m_BlendShapeWeights: []
  m_RootBone: {fileID: 452816}
  m_AABB:
    m_Center: {x: -0.049582094, y: 0.0056566596, z: 0.03229571}
    m_Extent: {x: 0.3534021, y: 0.30667308, z: 0.23406547}
  m_DirtyAABB: 0
--- !u!137 &13789372
SkinnedMeshRenderer:
  m_ObjectHideFlags: 1
  m_PrefabParentObject: {fileID: 0}
  m_PrefabInternal: {fileID: 100100000}
  m_GameObject: {fileID: 174280}
  m_Enabled: 1
  m_CastShadows: 1
  m_ReceiveShadows: 1
  m_Materials:
  - {fileID: 2100000, guid: 960b764d67928dc47814efdf0b6fe2d9, type: 2}
  m_SubsetIndices: 
  m_StaticBatchRoot: {fileID: 0}
  m_UseLightProbes: 0
  m_ReflectionProbeUsage: 1
  m_ProbeAnchor: {fileID: 0}
  m_ScaleInLightmap: 1
  m_PreserveUVs: 0
  m_IgnoreNormalsForChartDetection: 0
  m_ImportantGI: 0
  m_MinimumChartSize: 4
  m_AutoUVMaxDistance: 0.5
  m_AutoUVMaxAngle: 89
  m_LightmapParameters: {fileID: 0}
  m_SortingLayerID: 0
  m_SortingOrder: 0
  serializedVersion: 2
  m_Quality: 0
  m_UpdateWhenOffscreen: 0
  m_Mesh: {fileID: 4300000, guid: 6439ca9e73e44414da70b75e540b0006, type: 3}
  m_Bones:
  - {fileID: 484526}
  - {fileID: 475846}
  - {fileID: 454714}
  - {fileID: 486332}
  - {fileID: 456996}
  - {fileID: 406626}
  - {fileID: 478344}
  - {fileID: 458358}
  - {fileID: 452816}
  - {fileID: 453214}
  - {fileID: 401344}
  - {fileID: 493898}
  - {fileID: 441294}
  - {fileID: 411602}
  - {fileID: 403830}
  - {fileID: 455678}
  - {fileID: 417956}
  - {fileID: 446854}
  m_BlendShapeWeights: []
  m_RootBone: {fileID: 484526}
  m_AABB:
    m_Center: {x: -0.34868068, y: 0.30749583, z: -0.045290112}
    m_Extent: {x: 1.590589, y: 1.3415376, z: 1.6223837}
  m_DirtyAABB: 0
--- !u!1001 &100100000
Prefab:
  m_ObjectHideFlags: 1
  serializedVersion: 2
  m_Modification:
    m_TransformParent: {fileID: 0}
    m_Modifications: []
    m_RemovedComponents: []
  m_ParentPrefab: {fileID: 0}
  m_RootGameObject: {fileID: 188072}
  m_IsPrefabParent: 1
