%YAML 1.1
%TAG !u! tag:unity3d.com,2011:
--- !u!1 &102400
GameObject:
  m_ObjectHideFlags: 1
  m_PrefabParentObject: {fileID: 0}
  m_PrefabInternal: {fileID: 100100000}
  serializedVersion: 4
  m_Component:
  - 4: {fileID: 414588}
  - 33: {fileID: 3329604}
  - 23: {fileID: 2320624}
  m_Layer: 29
  m_Name: barrel-003
  m_TagString: Untagged
  m_Icon: {fileID: 0}
  m_NavMeshLayer: 0
  m_StaticEditorFlags: 0
  m_IsActive: 1
--- !u!1 &104056
GameObject:
  m_ObjectHideFlags: 1
  m_PrefabParentObject: {fileID: 0}
  m_PrefabInternal: {fileID: 100100000}
  serializedVersion: 4
  m_Component:
  - 4: {fileID: 456426}
  m_Layer: 29
  m_Name: ShootPoint
  m_TagString: Untagged
  m_Icon: {fileID: 0}
  m_NavMeshLayer: 0
  m_StaticEditorFlags: 0
  m_IsActive: 1
--- !u!1 &110590
GameObject:
  m_ObjectHideFlags: 0
  m_PrefabParentObject: {fileID: 0}
  m_PrefabInternal: {fileID: 100100000}
  serializedVersion: 4
  m_Component:
  - 4: {fileID: 402242}
  m_Layer: 29
  m_Name: Turret
  m_TagString: Untagged
  m_Icon: {fileID: 0}
  m_NavMeshLayer: 0
  m_StaticEditorFlags: 0
  m_IsActive: 1
--- !u!1 &144338
GameObject:
  m_ObjectHideFlags: 1
  m_PrefabParentObject: {fileID: 0}
  m_PrefabInternal: {fileID: 100100000}
  serializedVersion: 4
  m_Component:
  - 4: {fileID: 437376}
  - 33: {fileID: 3378318}
  - 23: {fileID: 2363192}
  m_Layer: 29
  m_Name: gun-003
  m_TagString: Untagged
  m_Icon: {fileID: 0}
  m_NavMeshLayer: 0
  m_StaticEditorFlags: 0
  m_IsActive: 1
--- !u!1 &144646
GameObject:
  m_ObjectHideFlags: 1
  m_PrefabParentObject: {fileID: 0}
  m_PrefabInternal: {fileID: 100100000}
  serializedVersion: 4
  m_Component:
  - 4: {fileID: 408348}
  - 33: {fileID: 3379860}
  - 23: {fileID: 2306114}
  m_Layer: 29
  m_Name: gun-02
  m_TagString: Untagged
  m_Icon: {fileID: 0}
  m_NavMeshLayer: 0
  m_StaticEditorFlags: 0
  m_IsActive: 1
--- !u!1 &167842
GameObject:
  m_ObjectHideFlags: 1
  m_PrefabParentObject: {fileID: 0}
  m_PrefabInternal: {fileID: 100100000}
  serializedVersion: 4
  m_Component:
  - 4: {fileID: 493130}
  - 33: {fileID: 3330244}
  - 23: {fileID: 2360464}
  m_Layer: 29
  m_Name: barrel-02
  m_TagString: Untagged
  m_Icon: {fileID: 0}
  m_NavMeshLayer: 0
  m_StaticEditorFlags: 0
  m_IsActive: 1
--- !u!1 &174312
GameObject:
  m_ObjectHideFlags: 1
  m_PrefabParentObject: {fileID: 0}
  m_PrefabInternal: {fileID: 100100000}
  serializedVersion: 4
  m_Component:
  - 4: {fileID: 486890}
  m_Layer: 29
  m_Name: ShootPoint
  m_TagString: Untagged
  m_Icon: {fileID: 0}
  m_NavMeshLayer: 0
  m_StaticEditorFlags: 0
  m_IsActive: 1
--- !u!1 &180106
GameObject:
  m_ObjectHideFlags: 0
  m_PrefabParentObject: {fileID: 0}
  m_PrefabInternal: {fileID: 100100000}
  serializedVersion: 4
  m_Component:
  - 4: {fileID: 452352}
  - 114: {fileID: 11469908}
  - 65: {fileID: 6562516}
  m_Layer: 29
  m_Name: MG1 New
  m_TagString: Untagged
  m_Icon: {fileID: 0}
  m_NavMeshLayer: 0
  m_StaticEditorFlags: 0
  m_IsActive: 1
--- !u!1 &188856
GameObject:
  m_ObjectHideFlags: 0
  m_PrefabParentObject: {fileID: 0}
  m_PrefabInternal: {fileID: 100100000}
  serializedVersion: 4
  m_Component:
  - 4: {fileID: 441260}
  - 33: {fileID: 3381342}
  - 23: {fileID: 2322772}
  m_Layer: 29
  m_Name: body
  m_TagString: Untagged
  m_Icon: {fileID: 0}
  m_NavMeshLayer: 0
  m_StaticEditorFlags: 0
  m_IsActive: 1
--- !u!1 &194494
GameObject:
  m_ObjectHideFlags: 1
  m_PrefabParentObject: {fileID: 0}
  m_PrefabInternal: {fileID: 100100000}
  serializedVersion: 4
  m_Component:
  - 4: {fileID: 404262}
  - 33: {fileID: 3360914}
  - 23: {fileID: 2308446}
  m_Layer: 29
  m_Name: head
  m_TagString: Untagged
  m_Icon: {fileID: 0}
  m_NavMeshLayer: 0
  m_StaticEditorFlags: 0
  m_IsActive: 1
--- !u!4 &402242
Transform:
  m_ObjectHideFlags: 1
  m_PrefabParentObject: {fileID: 0}
  m_PrefabInternal: {fileID: 100100000}
  m_GameObject: {fileID: 110590}
  m_LocalRotation: {x: 0, y: 0, z: 0, w: 1}
  m_LocalPosition: {x: 0, y: 1.17, z: -0.042}
  m_LocalScale: {x: 1, y: 1, z: 1}
  m_Children:
  - {fileID: 493130}
  - {fileID: 414588}
  - {fileID: 408348}
  - {fileID: 437376}
  - {fileID: 404262}
  m_Father: {fileID: 452352}
  m_RootOrder: 1
--- !u!4 &404262
Transform:
  m_ObjectHideFlags: 1
  m_PrefabParentObject: {fileID: 0}
  m_PrefabInternal: {fileID: 100100000}
  m_GameObject: {fileID: 194494}
  m_LocalRotation: {x: -0.7071068, y: 0, z: 0, w: 0.7071068}
  m_LocalPosition: {x: 0.009, y: 0.5870755, z: -0.15}
  m_LocalScale: {x: 1, y: 1, z: 1}
  m_Children: []
  m_Father: {fileID: 402242}
  m_RootOrder: 4
--- !u!4 &408348
Transform:
  m_ObjectHideFlags: 1
  m_PrefabParentObject: {fileID: 0}
  m_PrefabInternal: {fileID: 100100000}
  m_GameObject: {fileID: 144646}
  m_LocalRotation: {x: -0.7071068, y: 0, z: 0, w: 0.7071068}
  m_LocalPosition: {x: 1.613, y: 1.4884238, z: -0.46}
  m_LocalScale: {x: 1, y: 1, z: 1}
  m_Children: []
  m_Father: {fileID: 402242}
  m_RootOrder: 2
--- !u!4 &414588
Transform:
  m_ObjectHideFlags: 1
  m_PrefabParentObject: {fileID: 0}
  m_PrefabInternal: {fileID: 100100000}
  m_GameObject: {fileID: 102400}
  m_LocalRotation: {x: -0.7071068, y: 0, z: 0, w: 0.7071068}
  m_LocalPosition: {x: -1.984, y: 1.4884238, z: 0.53}
  m_LocalScale: {x: 1, y: 1, z: 1}
  m_Children:
  - {fileID: 486890}
  m_Father: {fileID: 402242}
  m_RootOrder: 1
--- !u!4 &437376
Transform:
  m_ObjectHideFlags: 1
  m_PrefabParentObject: {fileID: 0}
  m_PrefabInternal: {fileID: 100100000}
  m_GameObject: {fileID: 144338}
  m_LocalRotation: {x: -0.7071068, y: 0, z: 0, w: 0.7071068}
  m_LocalPosition: {x: -1.528, y: 1.4611642, z: -0.46}
  m_LocalScale: {x: 1, y: 1, z: 1}
  m_Children: []
  m_Father: {fileID: 402242}
  m_RootOrder: 3
--- !u!4 &441260
Transform:
  m_ObjectHideFlags: 1
  m_PrefabParentObject: {fileID: 0}
  m_PrefabInternal: {fileID: 100100000}
  m_GameObject: {fileID: 188856}
  m_LocalRotation: {x: -0.7071068, y: 0, z: -0, w: 0.7071068}
  m_LocalPosition: {x: 0, y: 0.16, z: 0}
  m_LocalScale: {x: 1, y: 1, z: 1}
  m_Children: []
  m_Father: {fileID: 452352}
  m_RootOrder: 0
--- !u!4 &452352
Transform:
  m_ObjectHideFlags: 1
  m_PrefabParentObject: {fileID: 0}
  m_PrefabInternal: {fileID: 100100000}
  m_GameObject: {fileID: 180106}
  m_LocalRotation: {x: 0, y: 0, z: 0, w: 1}
  m_LocalPosition: {x: -0.2, y: 0, z: 5.2246094}
  m_LocalScale: {x: 0.5, y: 0.5, z: 0.5}
  m_Children:
  - {fileID: 441260}
  - {fileID: 402242}
  m_Father: {fileID: 0}
  m_RootOrder: 0
--- !u!4 &456426
Transform:
  m_ObjectHideFlags: 1
  m_PrefabParentObject: {fileID: 0}
  m_PrefabInternal: {fileID: 100100000}
  m_GameObject: {fileID: 104056}
  m_LocalRotation: {x: 0.7071068, y: 0, z: 0, w: 0.7071067}
  m_LocalPosition: {x: 0, y: -2.541, z: -0}
  m_LocalScale: {x: 1, y: 1, z: 1}
  m_Children: []
  m_Father: {fileID: 493130}
  m_RootOrder: 0
--- !u!4 &486890
Transform:
  m_ObjectHideFlags: 1
  m_PrefabParentObject: {fileID: 0}
  m_PrefabInternal: {fileID: 100100000}
  m_GameObject: {fileID: 174312}
  m_LocalRotation: {x: 0.7071068, y: 0, z: 0, w: 0.7071067}
  m_LocalPosition: {x: 0, y: -2.638, z: -0}
  m_LocalScale: {x: 1, y: 1, z: 1}
  m_Children: []
  m_Father: {fileID: 414588}
  m_RootOrder: 0
--- !u!4 &493130
Transform:
  m_ObjectHideFlags: 1
  m_PrefabParentObject: {fileID: 0}
  m_PrefabInternal: {fileID: 100100000}
  m_GameObject: {fileID: 167842}
  m_LocalRotation: {x: -0.7071068, y: 0, z: 0, w: 0.7071068}
  m_LocalPosition: {x: 2.069, y: 1.4611642, z: 0.53}
  m_LocalScale: {x: 1, y: 1, z: 1}
  m_Children:
  - {fileID: 456426}
  m_Father: {fileID: 402242}
  m_RootOrder: 0
--- !u!23 &2306114
MeshRenderer:
  m_ObjectHideFlags: 1
  m_PrefabParentObject: {fileID: 0}
  m_PrefabInternal: {fileID: 100100000}
  m_GameObject: {fileID: 144646}
  m_Enabled: 1
  m_CastShadows: 1
  m_ReceiveShadows: 0
  m_Materials:
  - {fileID: 2100000, guid: a6966f5d1a935074e9c114e596e5babb, type: 2}
  m_SubsetIndices: 
  m_StaticBatchRoot: {fileID: 0}
  m_UseLightProbes: 1
  m_ReflectionProbeUsage: 1
  m_ProbeAnchor: {fileID: 0}
  m_ScaleInLightmap: 1
  m_PreserveUVs: 0
  m_IgnoreNormalsForChartDetection: 0
  m_ImportantGI: 0
  m_MinimumChartSize: 4
  m_AutoUVMaxDistance: 0.5
  m_AutoUVMaxAngle: 89
  m_LightmapParameters: {fileID: 0}
  m_SortingLayerID: 0
  m_SortingOrder: 0
--- !u!23 &2308446
MeshRenderer:
  m_ObjectHideFlags: 1
  m_PrefabParentObject: {fileID: 0}
  m_PrefabInternal: {fileID: 100100000}
  m_GameObject: {fileID: 194494}
  m_Enabled: 1
  m_CastShadows: 1
  m_ReceiveShadows: 0
  m_Materials:
  - {fileID: 2100000, guid: a6966f5d1a935074e9c114e596e5babb, type: 2}
  m_SubsetIndices: 
  m_StaticBatchRoot: {fileID: 0}
  m_UseLightProbes: 1
  m_ReflectionProbeUsage: 1
  m_ProbeAnchor: {fileID: 0}
  m_ScaleInLightmap: 1
  m_PreserveUVs: 0
  m_IgnoreNormalsForChartDetection: 0
  m_ImportantGI: 0
  m_MinimumChartSize: 4
  m_AutoUVMaxDistance: 0.5
  m_AutoUVMaxAngle: 89
  m_LightmapParameters: {fileID: 0}
  m_SortingLayerID: 0
  m_SortingOrder: 0
--- !u!23 &2320624
MeshRenderer:
  m_ObjectHideFlags: 1
  m_PrefabParentObject: {fileID: 0}
  m_PrefabInternal: {fileID: 100100000}
  m_GameObject: {fileID: 102400}
  m_Enabled: 1
  m_CastShadows: 1
  m_ReceiveShadows: 0
  m_Materials:
  - {fileID: 2100000, guid: a6966f5d1a935074e9c114e596e5babb, type: 2}
  m_SubsetIndices: 
  m_StaticBatchRoot: {fileID: 0}
  m_UseLightProbes: 1
  m_ReflectionProbeUsage: 1
  m_ProbeAnchor: {fileID: 0}
  m_ScaleInLightmap: 1
  m_PreserveUVs: 0
  m_IgnoreNormalsForChartDetection: 0
  m_ImportantGI: 0
  m_MinimumChartSize: 4
  m_AutoUVMaxDistance: 0.5
  m_AutoUVMaxAngle: 89
  m_LightmapParameters: {fileID: 0}
  m_SortingLayerID: 0
  m_SortingOrder: 0
--- !u!23 &2322772
MeshRenderer:
  m_ObjectHideFlags: 1
  m_PrefabParentObject: {fileID: 0}
  m_PrefabInternal: {fileID: 100100000}
  m_GameObject: {fileID: 188856}
  m_Enabled: 1
  m_CastShadows: 1
  m_ReceiveShadows: 0
  m_Materials:
  - {fileID: 2100000, guid: a6966f5d1a935074e9c114e596e5babb, type: 2}
  m_SubsetIndices: 
  m_StaticBatchRoot: {fileID: 0}
  m_UseLightProbes: 1
  m_ReflectionProbeUsage: 1
  m_ProbeAnchor: {fileID: 0}
  m_ScaleInLightmap: 1
  m_PreserveUVs: 0
  m_IgnoreNormalsForChartDetection: 0
  m_ImportantGI: 0
  m_MinimumChartSize: 4
  m_AutoUVMaxDistance: 0.5
  m_AutoUVMaxAngle: 89
  m_LightmapParameters: {fileID: 0}
  m_SortingLayerID: 0
  m_SortingOrder: 0
--- !u!23 &2360464
MeshRenderer:
  m_ObjectHideFlags: 1
  m_PrefabParentObject: {fileID: 0}
  m_PrefabInternal: {fileID: 100100000}
  m_GameObject: {fileID: 167842}
  m_Enabled: 1
  m_CastShadows: 1
  m_ReceiveShadows: 0
  m_Materials:
  - {fileID: 2100000, guid: a6966f5d1a935074e9c114e596e5babb, type: 2}
  m_SubsetIndices: 
  m_StaticBatchRoot: {fileID: 0}
  m_UseLightProbes: 1
  m_ReflectionProbeUsage: 1
  m_ProbeAnchor: {fileID: 0}
  m_ScaleInLightmap: 1
  m_PreserveUVs: 0
  m_IgnoreNormalsForChartDetection: 0
  m_ImportantGI: 0
  m_MinimumChartSize: 4
  m_AutoUVMaxDistance: 0.5
  m_AutoUVMaxAngle: 89
  m_LightmapParameters: {fileID: 0}
  m_SortingLayerID: 0
  m_SortingOrder: 0
--- !u!23 &2363192
MeshRenderer:
  m_ObjectHideFlags: 1
  m_PrefabParentObject: {fileID: 0}
  m_PrefabInternal: {fileID: 100100000}
  m_GameObject: {fileID: 144338}
  m_Enabled: 1
  m_CastShadows: 1
  m_ReceiveShadows: 0
  m_Materials:
  - {fileID: 2100000, guid: a6966f5d1a935074e9c114e596e5babb, type: 2}
  m_SubsetIndices: 
  m_StaticBatchRoot: {fileID: 0}
  m_UseLightProbes: 1
  m_ReflectionProbeUsage: 1
  m_ProbeAnchor: {fileID: 0}
  m_ScaleInLightmap: 1
  m_PreserveUVs: 0
  m_IgnoreNormalsForChartDetection: 0
  m_ImportantGI: 0
  m_MinimumChartSize: 4
  m_AutoUVMaxDistance: 0.5
  m_AutoUVMaxAngle: 89
  m_LightmapParameters: {fileID: 0}
  m_SortingLayerID: 0
  m_SortingOrder: 0
--- !u!33 &3329604
MeshFilter:
  m_ObjectHideFlags: 1
  m_PrefabParentObject: {fileID: 0}
  m_PrefabInternal: {fileID: 100100000}
  m_GameObject: {fileID: 102400}
  m_Mesh: {fileID: 4300010, guid: 4f1e307489ac603408e6ef5ca33755fd, type: 3}
--- !u!33 &3330244
MeshFilter:
  m_ObjectHideFlags: 1
  m_PrefabParentObject: {fileID: 0}
  m_PrefabInternal: {fileID: 100100000}
  m_GameObject: {fileID: 167842}
  m_Mesh: {fileID: 4300006, guid: 4f1e307489ac603408e6ef5ca33755fd, type: 3}
--- !u!33 &3360914
MeshFilter:
  m_ObjectHideFlags: 1
  m_PrefabParentObject: {fileID: 0}
  m_PrefabInternal: {fileID: 100100000}
  m_GameObject: {fileID: 194494}
  m_Mesh: {fileID: 4300000, guid: 4f1e307489ac603408e6ef5ca33755fd, type: 3}
--- !u!33 &3378318
MeshFilter:
  m_ObjectHideFlags: 1
  m_PrefabParentObject: {fileID: 0}
  m_PrefabInternal: {fileID: 100100000}
  m_GameObject: {fileID: 144338}
  m_Mesh: {fileID: 4300008, guid: 4f1e307489ac603408e6ef5ca33755fd, type: 3}
--- !u!33 &3379860
MeshFilter:
  m_ObjectHideFlags: 1
  m_PrefabParentObject: {fileID: 0}
  m_PrefabInternal: {fileID: 100100000}
  m_GameObject: {fileID: 144646}
  m_Mesh: {fileID: 4300004, guid: 4f1e307489ac603408e6ef5ca33755fd, type: 3}
--- !u!33 &3381342
MeshFilter:
  m_ObjectHideFlags: 1
  m_PrefabParentObject: {fileID: 0}
  m_PrefabInternal: {fileID: 100100000}
  m_GameObject: {fileID: 188856}
  m_Mesh: {fileID: 4300002, guid: 4f1e307489ac603408e6ef5ca33755fd, type: 3}
--- !u!65 &6562516
BoxCollider:
  m_ObjectHideFlags: 1
  m_PrefabParentObject: {fileID: 0}
  m_PrefabInternal: {fileID: 100100000}
  m_GameObject: {fileID: 180106}
  m_Material: {fileID: 0}
  m_IsTrigger: 0
  m_Enabled: 1
  serializedVersion: 2
  m_Size: {x: 5.21, y: 3.35, z: 4.05}
  m_Center: {x: 0, y: 1.43, z: 0.55}
--- !u!114 &11469908
MonoBehaviour:
  m_ObjectHideFlags: 1
  m_PrefabParentObject: {fileID: 0}
  m_PrefabInternal: {fileID: 100100000}
  m_GameObject: {fileID: 180106}
  m_Enabled: 1
  m_EditorHideFlags: 0
  m_Script: {fileID: 11500000, guid: 133e386909aab3849b1c0551e32ca96f, type: 3}
  m_Name: 
  m_EditorClassIdentifier: 
  prefabID: 14
  instanceID: -1
  unitName: Tower.MG.Name;I
  iconSprite: {fileID: 21300000, guid: 859aa95972eef1241ab35f7746de45c2, type: 3}
  desp: Tower.MG.Desc
  characteristic: 
  subClass: 0
  unitC: {fileID: 0}
  unitT: {fileID: 0}
  defaultHP: 10
  fullHP: 10
  HP: 10
  HPRegenRate: 0
  HPStaggerDuration: 10
  defaultShield: 0
  fullShield: 0
  shield: 0
  shieldRegenRate: 1
  shieldStaggerDuration: 1
  damageType: 0
  armorType: 0
  immuneToCrit: 0
  immuneToSlow: 0
  immuneToStun: 0
  currentActiveStat: 0
  stats:
  - damageMin: 2
    damageMax: 2
    cooldown: 0.5
    clipSize: -1
    reloadDuration: 2
    range: 8
    minRange: 0
    aoeRadius: 0
    hit: 1
    dodge: 0
    shieldBreak: 0
    shieldPierce: 0
    damageShieldOnly: 0
    crit:
      chance: 0
      dmgMultiplier: 0
    stun:
      chance: 0
      duration: 0
    slow:
      effectID: 0
      duration: 0
      slowMultiplier: 0
    dot:
      effectID: 0
      duration: 0
      interval: 0
      value: 0
    instantKill:
      chance: 0
      HPThreshold: 0
    buff:
      effectID: 0
      damageBuff: 0
      cooldownBuff: 0
      rangeBuff: 0
      criticalBuff: 0
      hitBuff: 0
      dodgeBuff: 0
      regenHP: 0
    rscGain: 
    cost: 06000000
    buildDuration: 1
    unBuildDuration: 1
    shootObjectT: {fileID: 0}
    shootObject: {fileID: 11412562, guid: 669b6c7c34e72d3449abc22f3b5b0cf2, type: 2}
    useCustomDesp: 0
    desp: 
  dead: 0
  stunned: 0
  slowMultiplier: 1
  slowEffectList: []
  buffEffect: []
  localShootObjectT: {fileID: 0}
  localShootObject: {fileID: 0}
  shootPoints:
  - {fileID: 456426}
  - {fileID: 486890}
  delayBetweenShootPoint: 0.1
  targetPoint: {fileID: 0}
  hitThreshold: 0.25
  thisObj: {fileID: 0}
  thisT: {fileID: 0}
  StunEffectPrefab: {fileID: 0}
  SlowEffectPrefab: {fileID: 0}
  Crystals: 0
  turretObject: {fileID: 402242}
  barrelObject: {fileID: 0}
  rotateTurretAimInXAxis: 0
  target: {fileID: 0}
  targetPriority: 3
  directionalTargeting: 0
  dirScanAngle: 0
  dirScanFOV: 30
  scanDirT: {fileID: 0}
  buffedUnit: []
  activeBuffList: []
  damageBuffMul: 0
  cooldownBuffMul: 0
  rangeBuffMul: 0
  criticalBuffMod: 0.1
  hitBuffMod: 0.1
  dodgeBuffMod: 0.1
  regenHPBuff: 1
  deadEffectObj: {fileID: 0}
  type: 0
  targetMode: 0
  disableInBuildManager: 0
  buildingEffect: {fileID: 0}
  builtEffect: {fileID: 0}
  builtDuration: 0
  buildDuration: 0
  occupiedPlatform: {fileID: 0}
  prevLevelTower: {fileID: 11452078, guid: 0cba3679c89c3fc46a684bed60dfa1ac, type: 2}
  nextLevelTowerList:
  - {fileID: 11419300, guid: 1eeca6afc37923f43a5999de41cfdb3b, type: 2}
  - {fileID: 0}
  value: 
  FPSWeaponID: -1
--- !u!1001 &100100000
Prefab:
  m_ObjectHideFlags: 1
  serializedVersion: 2
  m_Modification:
    m_TransformParent: {fileID: 0}
    m_Modifications:
    - target: {fileID: 0}
      propertyPath: nextLevelTowerList.Array.data[0]
      value: 
      objectReference: {fileID: 11419300, guid: 1eeca6afc37923f43a5999de41cfdb3b,
        type: 2}
    - target: {fileID: 0}
      propertyPath: stats.Array.data[0].shootObject
      value: 
      objectReference: {fileID: 11412562, guid: 669b6c7c34e72d3449abc22f3b5b0cf2,
        type: 2}
    - target: {fileID: 0}
      propertyPath: stats.Array.data[0].shootObjectT
      value: 
      objectReference: {fileID: 0}
    - target: {fileID: 0}
      propertyPath: stats.Array.data[0].useCustomDesp
      value: 0
      objectReference: {fileID: 0}
    - target: {fileID: 0}
      propertyPath: unitName
      value: Tower.MG.Name;I
      objectReference: {fileID: 0}
    - target: {fileID: 0}
      propertyPath: desp
      value: Tower.MG.Desc
      objectReference: {fileID: 0}
    m_RemovedComponents: []
  m_ParentPrefab: {fileID: 0}
  m_RootGameObject: {fileID: 180106}
  m_IsPrefabParent: 1
