%YAML 1.1
%TAG !u! tag:unity3d.com,2011:
--- !u!1 &117744
GameObject:
  m_ObjectHideFlags: 1
  m_PrefabParentObject: {fileID: 0}
  m_PrefabInternal: {fileID: 100100000}
  serializedVersion: 4
  m_Component:
  - 4: {fileID: 440266}
  - 33: {fileID: 3311588}
  - 23: {fileID: 2308864}
  m_Layer: 29
  m_Name: head
  m_TagString: Untagged
  m_Icon: {fileID: 0}
  m_NavMeshLayer: 0
  m_StaticEditorFlags: 0
  m_IsActive: 1
--- !u!1 &128516
GameObject:
  m_ObjectHideFlags: 0
  m_PrefabParentObject: {fileID: 0}
  m_PrefabInternal: {fileID: 100100000}
  serializedVersion: 4
  m_Component:
  - 4: {fileID: 488626}
  - 33: {fileID: 3388464}
  - 23: {fileID: 2386790}
  m_Layer: 29
  m_Name: body
  m_TagString: Untagged
  m_Icon: {fileID: 0}
  m_NavMeshLayer: 0
  m_StaticEditorFlags: 0
  m_IsActive: 1
--- !u!1 &131494
GameObject:
  m_ObjectHideFlags: 1
  m_PrefabParentObject: {fileID: 0}
  m_PrefabInternal: {fileID: 100100000}
  serializedVersion: 4
  m_Component:
  - 4: {fileID: 474988}
  m_Layer: 29
  m_Name: ShootPoint
  m_TagString: Untagged
  m_Icon: {fileID: 0}
  m_NavMeshLayer: 0
  m_StaticEditorFlags: 0
  m_IsActive: 1
--- !u!1 &154968
GameObject:
  m_ObjectHideFlags: 0
  m_PrefabParentObject: {fileID: 0}
  m_PrefabInternal: {fileID: 100100000}
  serializedVersion: 4
  m_Component:
  - 4: {fileID: 456240}
  - 114: {fileID: 11468754}
  - 65: {fileID: 6537404}
  m_Layer: 29
  m_Name: Artillery3 New
  m_TagString: Untagged
  m_Icon: {fileID: 0}
  m_NavMeshLayer: 0
  m_StaticEditorFlags: 0
  m_IsActive: 1
--- !u!1 &177246
GameObject:
  m_ObjectHideFlags: 1
  m_PrefabParentObject: {fileID: 0}
  m_PrefabInternal: {fileID: 100100000}
  serializedVersion: 4
  m_Component:
  - 4: {fileID: 467906}
  - 33: {fileID: 3342222}
  - 23: {fileID: 2369554}
  m_Layer: 29
  m_Name: gun-01
  m_TagString: Untagged
  m_Icon: {fileID: 0}
  m_NavMeshLayer: 0
  m_StaticEditorFlags: 0
  m_IsActive: 1
--- !u!1 &194062
GameObject:
  m_ObjectHideFlags: 0
  m_PrefabParentObject: {fileID: 0}
  m_PrefabInternal: {fileID: 100100000}
  serializedVersion: 4
  m_Component:
  - 4: {fileID: 492316}
  m_Layer: 29
  m_Name: Turrent
  m_TagString: Untagged
  m_Icon: {fileID: 0}
  m_NavMeshLayer: 0
  m_StaticEditorFlags: 0
  m_IsActive: 1
--- !u!4 &440266
Transform:
  m_ObjectHideFlags: 1
  m_PrefabParentObject: {fileID: 0}
  m_PrefabInternal: {fileID: 100100000}
  m_GameObject: {fileID: 117744}
  m_LocalRotation: {x: -0.7071068, y: 0, z: 0, w: 0.7071068}
  m_LocalPosition: {x: 0, y: 0.319156, z: -0.13}
  m_LocalScale: {x: 1, y: 1, z: 1}
  m_Children: []
  m_Father: {fileID: 492316}
  m_RootOrder: 1
--- !u!4 &456240
Transform:
  m_ObjectHideFlags: 1
  m_PrefabParentObject: {fileID: 0}
  m_PrefabInternal: {fileID: 100100000}
  m_GameObject: {fileID: 154968}
  m_LocalRotation: {x: 0, y: 0, z: 0, w: 1}
  m_LocalPosition: {x: -9.68, y: 0, z: -2.709961}
  m_LocalScale: {x: 0.75, y: 0.75, z: 0.75}
  m_Children:
  - {fileID: 488626}
  - {fileID: 492316}
  m_Father: {fileID: 0}
  m_RootOrder: 0
--- !u!4 &467906
Transform:
  m_ObjectHideFlags: 1
  m_PrefabParentObject: {fileID: 0}
  m_PrefabInternal: {fileID: 100100000}
  m_GameObject: {fileID: 177246}
  m_LocalRotation: {x: -0.7071068, y: 0, z: 0, w: 0.7071068}
  m_LocalPosition: {x: 0, y: 0.5271147, z: 0.721}
  m_LocalScale: {x: 1, y: 1, z: 1}
  m_Children:
  - {fileID: 474988}
  m_Father: {fileID: 492316}
  m_RootOrder: 0
--- !u!4 &474988
Transform:
  m_ObjectHideFlags: 1
  m_PrefabParentObject: {fileID: 0}
  m_PrefabInternal: {fileID: 100100000}
  m_GameObject: {fileID: 131494}
  m_LocalRotation: {x: 0, y: 0, z: 0, w: 1}
  m_LocalPosition: {x: 0, y: -1.88, z: 0}
  m_LocalScale: {x: 1, y: 1, z: 1}
  m_Children: []
  m_Father: {fileID: 467906}
  m_RootOrder: 0
--- !u!4 &488626
Transform:
  m_ObjectHideFlags: 1
  m_PrefabParentObject: {fileID: 0}
  m_PrefabInternal: {fileID: 100100000}
  m_GameObject: {fileID: 128516}
  m_LocalRotation: {x: -0.7071068, y: 0, z: -0, w: 0.7071068}
  m_LocalPosition: {x: 0, y: 0.26, z: 0}
  m_LocalScale: {x: 1, y: 1, z: 1}
  m_Children: []
  m_Father: {fileID: 456240}
  m_RootOrder: 0
--- !u!4 &492316
Transform:
  m_ObjectHideFlags: 1
  m_PrefabParentObject: {fileID: 0}
  m_PrefabInternal: {fileID: 100100000}
  m_GameObject: {fileID: 194062}
  m_LocalRotation: {x: 0, y: 0, z: 0, w: 1}
  m_LocalPosition: {x: 0, y: 0.95, z: 0.26}
  m_LocalScale: {x: 1, y: 1, z: 1}
  m_Children:
  - {fileID: 467906}
  - {fileID: 440266}
  m_Father: {fileID: 456240}
  m_RootOrder: 1
--- !u!23 &2308864
MeshRenderer:
  m_ObjectHideFlags: 1
  m_PrefabParentObject: {fileID: 0}
  m_PrefabInternal: {fileID: 100100000}
  m_GameObject: {fileID: 117744}
  m_Enabled: 1
  m_CastShadows: 1
  m_ReceiveShadows: 0
  m_Materials:
  - {fileID: 2100000, guid: f613e7150af2a1a4699030a7166b5b6c, type: 2}
  m_SubsetIndices: 
  m_StaticBatchRoot: {fileID: 0}
  m_UseLightProbes: 1
  m_ReflectionProbeUsage: 1
  m_ProbeAnchor: {fileID: 0}
  m_ScaleInLightmap: 1
  m_PreserveUVs: 0
  m_IgnoreNormalsForChartDetection: 0
  m_ImportantGI: 0
  m_MinimumChartSize: 4
  m_AutoUVMaxDistance: 0.5
  m_AutoUVMaxAngle: 89
  m_LightmapParameters: {fileID: 0}
  m_SortingLayerID: 0
  m_SortingOrder: 0
--- !u!23 &2369554
MeshRenderer:
  m_ObjectHideFlags: 1
  m_PrefabParentObject: {fileID: 0}
  m_PrefabInternal: {fileID: 100100000}
  m_GameObject: {fileID: 177246}
  m_Enabled: 1
  m_CastShadows: 1
  m_ReceiveShadows: 0
  m_Materials:
  - {fileID: 2100000, guid: f613e7150af2a1a4699030a7166b5b6c, type: 2}
  m_SubsetIndices: 
  m_StaticBatchRoot: {fileID: 0}
  m_UseLightProbes: 1
  m_ReflectionProbeUsage: 1
  m_ProbeAnchor: {fileID: 0}
  m_ScaleInLightmap: 1
  m_PreserveUVs: 0
  m_IgnoreNormalsForChartDetection: 0
  m_ImportantGI: 0
  m_MinimumChartSize: 4
  m_AutoUVMaxDistance: 0.5
  m_AutoUVMaxAngle: 89
  m_LightmapParameters: {fileID: 0}
  m_SortingLayerID: 0
  m_SortingOrder: 0
--- !u!23 &2386790
MeshRenderer:
  m_ObjectHideFlags: 1
  m_PrefabParentObject: {fileID: 0}
  m_PrefabInternal: {fileID: 100100000}
  m_GameObject: {fileID: 128516}
  m_Enabled: 1
  m_CastShadows: 1
  m_ReceiveShadows: 0
  m_Materials:
  - {fileID: 2100000, guid: f613e7150af2a1a4699030a7166b5b6c, type: 2}
  m_SubsetIndices: 
  m_StaticBatchRoot: {fileID: 0}
  m_UseLightProbes: 1
  m_ReflectionProbeUsage: 1
  m_ProbeAnchor: {fileID: 0}
  m_ScaleInLightmap: 1
  m_PreserveUVs: 0
  m_IgnoreNormalsForChartDetection: 0
  m_ImportantGI: 0
  m_MinimumChartSize: 4
  m_AutoUVMaxDistance: 0.5
  m_AutoUVMaxAngle: 89
  m_LightmapParameters: {fileID: 0}
  m_SortingLayerID: 0
  m_SortingOrder: 0
--- !u!33 &3311588
MeshFilter:
  m_ObjectHideFlags: 1
  m_PrefabParentObject: {fileID: 0}
  m_PrefabInternal: {fileID: 100100000}
  m_GameObject: {fileID: 117744}
  m_Mesh: {fileID: 4300000, guid: 0ec3f6be4df47e842a3072bddcb9bcaa, type: 3}
--- !u!33 &3342222
MeshFilter:
  m_ObjectHideFlags: 1
  m_PrefabParentObject: {fileID: 0}
  m_PrefabInternal: {fileID: 100100000}
  m_GameObject: {fileID: 177246}
  m_Mesh: {fileID: 4300004, guid: 0ec3f6be4df47e842a3072bddcb9bcaa, type: 3}
--- !u!33 &3388464
MeshFilter:
  m_ObjectHideFlags: 1
  m_PrefabParentObject: {fileID: 0}
  m_PrefabInternal: {fileID: 100100000}
  m_GameObject: {fileID: 128516}
  m_Mesh: {fileID: 4300002, guid: 0ec3f6be4df47e842a3072bddcb9bcaa, type: 3}
--- !u!65 &6537404
BoxCollider:
  m_ObjectHideFlags: 1
  m_PrefabParentObject: {fileID: 0}
  m_PrefabInternal: {fileID: 100100000}
  m_GameObject: {fileID: 154968}
  m_Material: {fileID: 0}
  m_IsTrigger: 0
  m_Enabled: 1
  serializedVersion: 2
  m_Size: {x: 3.01, y: 1.88, z: 2.83}
  m_Center: {x: 0, y: 0.83, z: 0}
--- !u!114 &11468754
MonoBehaviour:
  m_ObjectHideFlags: 1
  m_PrefabParentObject: {fileID: 0}
  m_PrefabInternal: {fileID: 100100000}
  m_GameObject: {fileID: 154968}
  m_Enabled: 1
  m_EditorHideFlags: 0
  m_Script: {fileID: 11500000, guid: 133e386909aab3849b1c0551e32ca96f, type: 3}
  m_Name: 
  m_EditorClassIdentifier: 
  prefabID: 23
  instanceID: -1
  unitName: Tower.Artillery.Name;III
  iconSprite: {fileID: 21300000, guid: b7a4b7361d96f004698f324a006019f7, type: 3}
  desp: Tower.Artillery.DescUpgraded
  characteristic: 
  subClass: 0
  unitC: {fileID: 0}
  unitT: {fileID: 0}
  defaultHP: 10
  fullHP: 10
  HP: 10
  HPRegenRate: 0
  HPStaggerDuration: 10
  defaultShield: 0
  fullShield: 0
  shield: 0
  shieldRegenRate: 1
  shieldStaggerDuration: 1
  damageType: 1
  armorType: 0
  immuneToCrit: 0
  immuneToSlow: 0
  immuneToStun: 0
  currentActiveStat: 0
  stats:
  - damageMin: 42
    damageMax: 42
    cooldown: 1.5
    clipSize: -1
    reloadDuration: 2
    range: 7
    minRange: 0
    aoeRadius: 5
    hit: 1
    dodge: 0
    shieldBreak: 0
    shieldPierce: 0
    damageShieldOnly: 0
    crit:
      chance: 0
      dmgMultiplier: 0
    stun:
      chance: 0
      duration: 0
    slow:
      effectID: 0
      duration: 0
      slowMultiplier: 0
    dot:
      effectID: 0
      duration: 0
      interval: 0
      value: 0
    instantKill:
      chance: 0
      HPThreshold: 0
    buff:
      effectID: 0
      damageBuff: 0
      cooldownBuff: 0
      rangeBuff: 0
      criticalBuff: 0
      hitBuff: 0
      dodgeBuff: 0
      regenHP: 0
    rscGain: 
    cost: 20000000
    buildDuration: 1
    unBuildDuration: 1
    shootObjectT: {fileID: 0}
    shootObject: {fileID: 11430350, guid: bcd4921e8e62da9409ec1c6c1c87206c, type: 2}
    useCustomDesp: 0
    desp: 
  dead: 0
  stunned: 0
  slowMultiplier: 1
  slowEffectList: []
  buffEffect: []
  localShootObjectT: {fileID: 0}
  localShootObject: {fileID: 0}
  shootPoints:
  - {fileID: 474988}
  delayBetweenShootPoint: 0
  targetPoint: {fileID: 0}
  hitThreshold: 0.25
  thisObj: {fileID: 0}
  thisT: {fileID: 0}
  StunEffectPrefab: {fileID: 0}
  SlowEffectPrefab: {fileID: 0}
  Crystals: 0
  turretObject: {fileID: 492316}
  barrelObject: {fileID: 0}
  rotateTurretAimInXAxis: 0
  target: {fileID: 0}
  targetPriority: 3
  directionalTargeting: 0
  dirScanAngle: 0
  dirScanFOV: 30
  scanDirT: {fileID: 0}
  buffedUnit: []
  activeBuffList: []
  damageBuffMul: 0
  cooldownBuffMul: 0
  rangeBuffMul: 0
  criticalBuffMod: 0.1
  hitBuffMod: 0.1
  dodgeBuffMod: 0.1
  regenHPBuff: 1
  deadEffectObj: {fileID: 0}
  type: 0
  targetMode: 2
  disableInBuildManager: 1
  buildingEffect: {fileID: 0}
  builtEffect: {fileID: 0}
  builtDuration: 0
  buildDuration: 0
  occupiedPlatform: {fileID: 0}
  prevLevelTower: {fileID: 11477024, guid: da9601c16e82bf446ae9134ca4d30557, type: 2}
  nextLevelTowerList:
  - {fileID: 11404234, guid: 8c47ef87a265dbc4cac4c152ccc52dc8, type: 2}
  - {fileID: 11446280, guid: a239000fca66432449fc8adcf5f55cab, type: 2}
  value: 
  FPSWeaponID: -1
--- !u!1001 &100100000
Prefab:
  m_ObjectHideFlags: 1
  serializedVersion: 2
  m_Modification:
    m_TransformParent: {fileID: 0}
    m_Modifications:
    - target: {fileID: 0}
      propertyPath: nextLevelTowerList.Array.data[0]
      value: 
      objectReference: {fileID: 11404234, guid: 8c47ef87a265dbc4cac4c152ccc52dc8,
        type: 2}
    - target: {fileID: 0}
      propertyPath: nextLevelTowerList.Array.data[1]
      value: 
      objectReference: {fileID: 11446280, guid: a239000fca66432449fc8adcf5f55cab,
        type: 2}
    - target: {fileID: 0}
      propertyPath: m_LocalScale.x
      value: .75
      objectReference: {fileID: 0}
    - target: {fileID: 0}
      propertyPath: m_LocalScale.y
      value: .75
      objectReference: {fileID: 0}
    - target: {fileID: 0}
      propertyPath: m_LocalScale.z
      value: .75
      objectReference: {fileID: 0}
    - target: {fileID: 0}
      propertyPath: stats.Array.data[0].damageMin
      value: 38
      objectReference: {fileID: 0}
    - target: {fileID: 0}
      propertyPath: stats.Array.data[0].damageMax
      value: 46
      objectReference: {fileID: 0}
    - target: {fileID: 0}
      propertyPath: stats.Array.data[0].shootObject
      value: 
      objectReference: {fileID: 11430350, guid: bcd4921e8e62da9409ec1c6c1c87206c,
        type: 2}
    - target: {fileID: 0}
      propertyPath: unitName
      value: Tower.Artillery.Name;III
      objectReference: {fileID: 0}
    - target: {fileID: 0}
      propertyPath: desp
      value: Tower.Artillery.DescUpgraded
      objectReference: {fileID: 0}
    m_RemovedComponents: []
  m_ParentPrefab: {fileID: 0}
  m_RootGameObject: {fileID: 154968}
  m_IsPrefabParent: 1
